2039 3251
104 863 139 894 10

104 1202 138 1232 15

102 1539 139 1570 20

580 130 646 164 DE
672 130 831 164 BELLO
857 130 954 165 IUD.
981 129 1010 163 V
1037 131 1212 163 499—507
1238 130 1301 171 (ΧΗ
1331 135 1356 160 1.
1384 133 1415 171 2)
1748 126 1826 163 503

166 262 323 296 τοντας
358 243 726 302 χειρωθήσεσθαι
767 244 950 301 ῥαδίως·
992 238 1089 285 σι’-δὲ
1121 240 1202 297 γὰρ
1237 237 1468 299 ἠρεμήσειν
1509 236 1640 290 αὐτὸς
1672 236 1828 291 ἄλλως,

170 309 281 355 άλλὰ
313 315 384 356 καὶ
415 315 502 355 τῶν
538 311 755 365 χωμάτων
795 310 1150 368 ἐπιμελήσεσθαι
1189 309 1326 351 πάλιν
1362 309 1584 364 χρώμενος
1623 317 1716 358 τοῖς
1746 325 1830 350 κω-

171 381 347 423 λύουσιν
379 376 681 435 ἀτονωτέροις.
734 379 771 421 εἰ
798 379 844 420 δέ
874 396 935 434 τῳ
967 381 1077 433 μέγα
1109 377 1228 419 δοκεῖ
1256 379 1328 420 καὶ
1362 376 1599 432 δυσήνυτον
1619 375 1668 419 τὸ
1694 375 1830 432 ἔργον,

167 451 322 504 χρῆναι
355 458 556 499 σκοπεῖν,
589 445 647 497 ῶς
679 443 779 488 οὔτε
803 444 1033 499 Ἱίιῃιαίοις
1062 463 1105 487 τι
1135 443 1291 499 μικρὸν
1323 444 1508 500 ἐνεργεῖν
1542 447 1728 499 πρέπει,
1760 445 1829 486 καὶ

169 517 267 569 δίχα
299 516 438 558 πόνου
470 517 718 570 κατορθοῦν
749 532 792 557 τι
823 516 910 556 τῶν
940 513 1140 568 μεγάλων
1172 508 1315 555 οὐδενὶ
1350 512 1516 569 ῥᾴδιον.

283 587 319 626 2.
366 584 549 634 Τούτοις
581 587 741 632 πείσας
772 581 874 631 τοὺς
903 578 1118 638 ἡγεμόνας
1159 580 1379 633 διανέμειν
1421 580 1615 622 ἐκέλευσε
1645 578 1725 628 τάς
1757 579 1830 621 δο-

170 652 321 705 νάιιεις
353 650 428 693 ἐπι
460 650 507 693 τὸ
542 650 678 706 ἔργον.
738 647 846 706 ὁριιη
881 649 931 691 δέ
957 664 1025 696 τις
1057 647 1272 701 ἐιιπίπτει
1313 646 1542 696 δαιμόνιος
1572 656 1666 697 τοῖς
1698 662 1831 723 στρα-

169 719 368 771 τιωταις,
408 721 479 761 καὶ
511 721 813 772 μερισαμένων
851 714 928 758 τὸν
965 716 1202 770 περίβολον
1234 732 1283 757 ου
1315 714 1450 768 μόνον
1481 717 1568 756 τῶν
1599 715 1832 796 ταγμάτων

252 786 354 841 ἔρις,
392 782 500 828 ἄλλα
534 788 602 827 καὶ
636 802 721 827 των
754 784 797 827 ἐι
829 779 978 833 αὐτοῖς
1007 782 1173 833 τάξεων
1206 781 1320 837 πρὸς
1352 781 1563 839 άλλίλας,
1594 800 1664 825 και
1700 797 1830 837 στρα-

168 854 329 911 ταύτης
349 853 427 907 μὲν
450 853 728 909 δεκαδάρχην,
753 851 1017 907 δεκαδάρχης
1040 846 1080 892 δ
1108 849 1438 907 εκατοντάρχην,
1462 846 1588 899 οὗτος
1607 846 1646 892 δ
1670 849 1833 893 εσποό-

171 921 296 972 δαζεν
336 917 588 976 ἀρέσασθαι
623 922 868 975 χιλίαρχον,
908 920 996 961 τῶν
1029 918 1075 960 δὲ
1102 917 1340 971 χιλιάρχων
1381 916 1457 960 ἐπὶ
1488 916 1591 967 τοὺς
1620 914 1835 972 ἡγεμόνας

171 988 330 1032 ἔτεινεν
353 987 375 1047 ῆ
395 989 630 1046 φιλοτιμία
651 989 721 1030 καὶ
744 990 830 1030 τῶν
851 984 1075 1044 ἡγεμόνων
1096 985 1173 1043 τὴν
1196 980 1387 1040 ἅμιλλαν
1410 983 1618 1040 ἐβράβευε
1635 990 1832 1038 Καῖσαρ·

170 1055 354 1110 περιιών
385 1056 466 1112 γὰρ
499 1055 630 1106 αὐτὸς
661 1055 844 1110 ἑκάστης
882 1051 1047 1111 ἡμέρας
1089 1053 1306 1104 πολλάκις
1342 1053 1584 1096 ἐπεσκόπει
1613 1051 1662 1095 τὸ
1697 1052 1834 1108 ἔργον.

170 1122 411 1178 ἀρξάμενος
433 1125 479 1166 δὲ
503 1120 591 1166 άπὸ
614 1126 691 1179 τῆς
716 1118 962 1179 Ἀσσυρίων
988 1122 1282 1179 παρεμβολῆς,
1313 1117 1422 1163 καθ’
1449 1120 1501 1177 ῆν
1524 1117 1656 1171 αὐτὸς
1678 1119 1835 1176 ἐστρα-

168 1191 490 1243 τοπεδεύσατο,
532 1191 605 1234 ἐπὶ
638 1190 716 1247 τὴν
746 1187 977 1245 κατωτέρω
1010 1189 1288 1233 Καινόπολιν
1319 1179 1393 1244 ῆγε
1424 1187 1473 1231 τὸ
1506 1197 1668 1242 τεῖχος,
1702 1187 1832 1231 ἔνθεν

170 1257 243 1301 διὰ
282 1261 358 1302 τοῦ
395 1259 625 1314 Κεδρῶνος
665 1258 740 1301 ἐπὶ
781 1258 829 1301 τὸ
868 1254 1047 1301 Ἐλαιῶν
1085 1253 1210 1312 ὄρος·
1253 1252 1335 1299 εἶτ)
1382 1253 1682 1310 ἀνακάμπτων
1721 1254 1832 1298 κατὰ

168 1330 443 1383 μεσημβρίαν
484 1322 806 1382 περιλαμβάνει
835 1325 884 1368 τὸ
919 1323 1022 1382 ὅρος
1053 1322 1153 1382 ἄχρι
1183 1327 1259 1381 τῆς
1290 1326 1647 1378 Περιστερεῶνος
1676 1324 1835 1366 καλου-

169 1393 302 1451 μένης
332 1394 497 1450 πὲτρας
526 1394 601 1438 τόν
631 1410 679 1437 τε
710 1392 806 1450 ἑξῆς
838 1390 989 1450 λόφον,
1022 1392 1071 1443 ὃς
1102 1393 1323 1436 ἐπίκειται
1343 1395 1395 1449 τῇ
1421 1391 1532 1434 κατὰ
1554 1390 1630 1449 τὴν
1652 1389 1835 1445 Σιλωὰμ

170 1461 379 1517 φάραγγι,
417 1458 624 1505 κάκεῐθεν
664 1462 860 1510 ἐκκλίνας
898 1459 1012 1516 πρὸς
1049 1460 1173 1504 δόσιν
1206 1460 1268 1510 εἷς
1298 1460 1376 1518 τὴν
1406 1463 1482 1518 τῆς
1513 1461 1655 1516 πηγῆς
1684 1458 1836 1515 κατῄει

171 1529 390 1585 φάραγγα.
440 1525 548 1584 μεθ’
574 1547 625 1587 ην
648 1525 898 1583 ἀναβαίνων
925 1527 1035 1570 κατὰ
1057 1528 1106 1571 τὸ
1135 1524 1317 1571 Ἀνάνου
1348 1530 1428 1570 τοῦ
1462 1523 1697 1584 ἀρχιερέως
1727 1543 1836 1582 μνη-

168 1606 293 1650 μεῖον
331 1599 404 1641 καὶ
445 1596 667 1653 διαλαβών
705 1596 753 1639 τὸ
795 1593 919 1651 ὅρος,
962 1595 1075 1638 ἔνθα
1106 1595 1347 1653 Πομπήιος
1387 1594 1836 1650 ἐστρατοπεδεύσατο,

170 1663 283 1720 πρὸς
313 1666 446 1719 κλίμα
474 1664 650 1719 βόρειον
683 1663 948 1720 ἐπέστρεφε,
988 1665 1062 1706 καὶ
1092 1662 1333 1718 προελθών
1367 1663 1496 1717 μέχρι
1526 1661 1672 1720 κώμης
1701 1660 1834 1713 τινός,

167 1727 430 1787 ’ίΕρείίνθων
470 1730 588 1782 οἶκος
626 1733 845 1783 καλεῖται,
885 1733 957 1773 καὶ
989 1747 1069 1785 μετ
1122 1731 1289 1787 ἐκείνην
1319 1730 1368 1774 τὸ
1397 1728 1594 1785 (Ηρώδου
1621 1738 1837 1809 μνημεῖον

171 1798 387 1855 περισχὼν
418 1799 528 1842 κατὰ
561 1795 777 1881 άνατολῆν
804 1801 866 1840 τῶ
899 1798 999 1880 ἰδίω
1032 1799 1336 1880 στρατοπέδω
1339 1801 1587 1880 συνῆπτεν,
1619 1794 1729 1841 όθεν
1759 1794 1836 1852 ἢρ-

281 1880 513 1948 PAMLVRC
523 1880 593 1948 Lat
603 1913 824 1958 Hegesippus
841 1879 885 1948 V
892 1916 931 1947 21
952 1924 986 1957 p.
1007 1915 1084 1947 320.
1121 1913 1283 1947 Zonaras
1301 1913 1317 1946 I
1334 1923 1369 1957 p.
1390 1914 1466 1946 533.

284 1974 298 2004 1
327 1966 411 2006 οὐδὲ
426 1990 465 1994 -
481 1968 614 2011 άλλως]
633 1969 737 2004 aliter
754 1969 847 2004 enim
870 1979 909 2003 se
934 1979 1007 2003 non
1030 1979 1137 2013 posse
1161 1969 1344 2013 οαὶσςσειε
1362 1969 1432 2003 Lat
1508 1962 1640 2011 αὐτὸς]
1660 1966 1835 2001 Destinon

169 2022 310 2062 αὖτοὺσ
328 2026 528 2061 PAMVRC
546 2022 664 2062 αὐτὸν
680 2026 710 2060 L
783 2027 802 2059 2
827 2027 915 2066 τῶν,
941 2038 961 2059 ν
984 2024 1007 2058 i.
1026 2035 1096 2060 ras.
1115 2024 1144 2058 L
1214 2022 1415 2071 χριόμενον
1440 2023 1506 2058 VR
1528 2021 1722 2071 χρώμενοι
1742 2022 1768 2057 C

169 2085 188 2116 3
214 2085 339 2119 δοκεῖν
362 2082 392 2116 L
487 2087 505 2116 5
531 2080 663 2118 πόνων
688 2082 718 2116 L
822 2077 957 2124 οὐδενὶ]
985 2076 1069 2116 οὐδὲ
1093 2082 1174 2116 θεῶ
1199 2080 1302 2114 LLat
1417 2077 1562 2130 ῥᾴδιον]
1588 2076 1722 2125 ῥάδιον
1747 2076 1832 2114 ἀλλ’

169 2135 192 2184 ἢ
216 2142 296 2175 θεῶ
319 2136 427 2183 μόνω
452 2139 588 2173 MVRG
703 2141 722 2171 6
748 2136 934 2181 διαμένειν
959 2136 991 2170 R
1105 2132 1178 2172 τὰσ
1202 2134 1379 2180 δυνάμεισ
1403 2134 1597 2172 ἐκέλευσεν
1622 2137 1667 2169 tr.
1693 2135 1724 2169 L

171 2199 189 2229 7
215 2194 364 2231 ἐπίπτει
387 2194 421 2230 R
490 2200 576 2230 τοῖσ
600 2199 850 2230 στασιασταῖσ
873 2193 906 2228 R
975 2195 995 2227 8
1022 2187 1066 2228 οὐ
1090 2190 1214 2236 μόνον
1233 2213 1270 2216 -
1286 2195 1306 2226 9
1332 2189 1419 2238 ἔρις]
1444 2203 1515 2226 non
1540 2191 1656 2225 solum
1679 2195 1838 2225 rectores

170 2252 264 2286 inter
287 2262 325 2286 se
349 2271 392 2276 —
417 2251 603 2286 certabant
620 2251 691 2285 Lat
783 2253 860 2285 τῶν
884 2246 1101 2295 ταγμάτων]
1127 2245 1431 2295 προστάγματοσ
1454 2247 1593 2289 LVRC,
1618 2247 1713 2281 unde
1737 2243 1837 2294 πρὸς

172 2305 296 2354 τάγμα
321 2305 516 2353 τάγματος
540 2306 727 2341 Holwerda
821 2309 840 2339 9
866 2301 1005 2347 αὐτοῖς]
1031 2300 1168 2340 αὐταῖσ
1192 2304 1220 2338 Ρ
1246 2302 1399 2340 ἑαυτοῖσ
1425 2305 1454 2338 L
1544 2301 1716 2349 ἀλλήλων
1742 2303 1768 2337 C

177 2368 214 2399 10
240 2361 449 2410 δεκαδάρχη
474 2363 543 2397 ML
570 2365 606 2397 et
630 2373 673 2397 ex
703 2372 795 2397 corr.
820 2363 853 2395 A
877 2361 1103 2396 clecadareho
1128 2361 1198 2395 Lat
1336 2360 1583 2396 decadarclms
1611 2359 1682 2394 Lat
1798 2359 1836 2395 δὲ

172 2420 267 2455 VRC
407 2416 666 2465 ἑκατοντάρχῃ
692 2418 761 2452 ML
785 2422 821 2453 et
845 2428 889 2452 ex
914 2427 1004 2452 corr.
1030 2420 1063 2451 A
1087 2417 1369 2452 hecatontarclzo
1394 2417 1464 2451 Lat
1591 2416 1629 2452 δὲ
1653 2415 1746 2450 VRC

176 2479 212 2511 11
238 2475 421 2522 χιλιάρχω
446 2476 580 2510 PAML
687 2477 727 2510 13
752 2471 909 2510 ἐσκόπει
932 2474 963 2508 L
1082 2477 1122 2508 14
1148 2469 1181 2509 δ’
1208 2473 1234 2508 C
1349 2469 1443 2510 καθ’
1468 2469 1514 2519 ἣν
1539 2467 1654 2513 αὐτὸς
1676 2472 1700 2507 i.
1725 2481 1836 2515 marg.

174 2533 289 2577 suppl.
314 2532 343 2566 P
435 2529 778 2578 ἐστρατοπεδεύετο
805 2531 834 2564 L
859 2530 944 2565 fort.
969 2532 1068 2565 recte
1163 2533 1203 2565 15
1227 2531 1450 2577 κατωτέραν
1473 2530 1504 2564 L
1603 2525 1691 2564 ἕνθε
1715 2529 1747 2561 Α

179 2591 216 2622 16
240 2584 406 2629 Ἐλαιῶν]
431 2587 557 2622 eleana
581 2587 652 2622 Lat
767 2582 838 2623 εἶτ’
861 2606 908 2611 --
935 2589 972 2620 17
1001 2583 1106 2633 ὅρος]
1131 2597 1198 2622 om.
1225 2586 1264 2620 M
1288 2599 1323 2622 u.
1352 2590 1392 2622 18
1417 2590 1500 2631 post
1524 2584 1667 2631 πέτρας
1689 2588 1734 2618 tr.
1760 2584 1792 2616 A

176 2640 261 2686 εἶτ’]
279 2641 359 2680 εἶτα
376 2644 515 2686 LVRC,
542 2655 610 2678 om.
629 2643 700 2677 Lat
769 2639 880 2683 κατὰ]
905 2655 990 2689 περι
1009 2642 1038 2676 L
1114 2646 1151 2677 17
1169 2644 1420 2690 μεσημβρίαν,
1446 2655 1468 2678 σ
1487 2652 1530 2676 ex
1555 2653 1601 2677 σσ
1627 2651 1718 2676 corr.
1737 2640 1768 2674 L

175 2697 274 2746 ἄχρι]
299 2700 406 2746 μέχρι
432 2700 462 2734 L
533 2696 621 2747 ἄχρι
646 2701 725 2745 τῆσ,
750 2699 817 2733 litt.
834 2712 897 2744 χρι
915 2712 935 2734 τ
951 2699 974 2732 i.
993 2709 1062 2733 ras.
1082 2699 1114 2733 V
1188 2702 1226 2734 18
1252 2703 1304 2741 τε]
1330 2694 1371 2735 τ’
1396 2699 1459 2733 PA
1531 2694 1574 2739 ὃς
1598 2718 1641 2722 -
1667 2693 1837 2741 Σιλωὰμ]

176 2790 239 2833 qui
260 2800 371 2835 super
394 2790 524 2826 uallem
549 2789 697 2825 inminet
712 2788 842 2823 siloam
859 2788 929 2822 Lat
998 2791 1043 2834 τῇ
1067 2788 1164 2826 κατὰ
1187 2786 1255 2833 τὴν
1271 2800 1340 2824 om,
1358 2789 1421 2823 PA
1501 2791 1538 2822 19
1563 2766 1719 2825 ἐξιλίνασ
1736 2788 1769 2822 A

177 2843 378 2891 καΙκατήει
404 2846 430 2880 G
569 2847 610 2880 22
635 2842 804 2891 βόρειον]
828 2842 984 2888 κόρειον
1008 2845 1056 2880 R¹
1194 2844 1426 2893 προσελθων
1451 2844 1546 2880 VRC
1679 2846 1722 2878 24
1745 2837 1836 2878 κατ’

177 2899 304 2935 LVRC
398 2895 503 2943 ὅθεν]
531 2895 696 2948 ὅθενπερ
722 2900 748 2934 C

1862 246 1942 282 500

1864 380 1939 418 501

1862 581 1944 620 502

1864 784 1944 824 503
