2039 3251
50 890 87 923 10

51 1228 88 1260 15

50 1566 89 1599 20

498 158 565 193 DE
594 158 752 194 BELLO
777 158 873 193 IUD.
900 157 949 192 IV
975 160 1151 192 569—577
1176 159 1225 200 (xl
1255 163 1303 189 11.
1332 160 1385 200 12)
1695 156 1768 192 421

115 275 191 328 τῆς
230 272 484 328 τυραννίδος
522 271 750 314 κατέθετο.
811 270 854 313 ἐν
895 270 941 313 δὲ
979 267 1121 326 τούτῳ
1159 271 1208 313 τὸ
1246 270 1356 313 κατὰ
1387 269 1465 328 τὴν
1496 269 1628 313 πόλιν
1661 268 1779 311 ἐσκε-
1811 272 1891 310 570

117 341 332 394 δασμένον
371 341 549 397 πλῆθος
579 341 664 382 τῶν
697 339 898 396 ζηλωτῶν
931 338 993 389 εἰς
1023 337 1072 381 τὸ
1108 337 1224 393 ἱερὸν
1256 337 1370 394 πρὸς
1400 337 1503 388 τοὺς
1534 338 1778 393 διαπεφευ-

115 408 247 464 γότας
278 403 522 465 ἦθροίσθη,
555 408 627 450 καὶ
658 405 861 461 κατάγειν
894 402 1052 456 αὐτοὺς
1083 406 1445 461 παρεσκειάσατο
1472 401 1672 461 Ιωάννης
1703 403 1781 446 ἐπί

115 493 163 518 τε
201 474 277 519 τὸν
314 475 450 532 δημον
482 476 550 517 καὶ
584 473 686 524 τοίς
715 471 995 527 Ἰδουμαίους.
1054 483 1148 524 τοῖς
1180 474 1226 515 δὲ
1258 469 1332 526 οὖχ
1364 471 1477 515 οὕτω
1508 471 1586 529 την
1618 471 1780 528 ἔφοδον
1812 475 1888 514 571

118 539 261 586 αἰτῶν
299 542 558 585 καταδεῖσαι
598 545 794 598 παρέστη
834 545 1159 597 μαχιμωτέροις
1195 535 1317 583 οὖσιν
1348 538 1407 590 ῶς
1437 539 1515 596 την
1548 535 1779 590 απόνοιαν,

115 610 172 668 μη
216 609 378 665 νύκτωρ
420 608 464 652 ἐκ
499 612 576 652 τοῦ
608 610 727 665 ἱεροῦ
757 609 1072 664 παρεισδίντες
1105 605 1263 658 αὐτούς
1294 624 1340 650 τε
1373 608 1678 664 διαφθείρωσι
1706 608 1779 648 καὶ

119 696 167 720 το
219 674 326 720 άστυ
372 679 737 731 καταπιμπρῶσι.
804 676 1093 725 συνελθόντες
1140 692 1214 717 οιν
1259 674 1370 729 μετὰ
1414 678 1500 717 τῶν
1547 671 1780 729 αρχιερείον
1813 677 1894 717 572

117 744 418 800 ἐβουλεύοντο,
457 748 556 787 τίνα
583 743 662 801 χρὴ
694 743 861 799 τρόπον
892 743 1183 800 φυλάξασθαι
1212 760 1290 798 τιν
1322 742 1544 785 ἐπίθεσιν.
1595 741 1704 791 θεὸς
1736 741 1781 783 δὲ
1814 745 1894 785 573

118 810 204 868 ἰὶρα
243 813 322 862 τὰς
360 812 534 868 γνώμας
566 807 708 854 αὐτῶν
740 810 802 860 εἰς
831 810 962 853 κακὸν
994 810 1175 865 ἔτρεψε,
1212 812 1285 853 καὶ
1314 810 1622 864 χαλεπώτερον
1656 804 1783 850 άπω-

117 882 238 930 λείας
279 879 523 937 ἐπενόησαν
561 878 609 921 τὸ
653 877 768 933 πρὸς
807 881 1028 935 σωτηρίαν
1064 876 1320 934 φάρμακον·
1360 878 1433 920 ἵνα
1463 880 1565 932 γοῦν
1596 878 1784 920 καταλό-

119 963 256 990 σωσιν
278 943 490 1003 Ἰωάννην,
524 945 694 1000 ἔκριναν
726 945 939 998 δέχεσθαι
969 949 1150 999 Σίμωνα
1180 947 1253 988 καὶ
1284 944 1394 999 μετὰ
1427 946 1654 1002 ἱκετηριῶν
1686 945 1783 988 δεύ-

117 1031 242 1071 τερον
265 1014 510 1070 εἰσαγαγεῖν
532 1012 704 1062 ἑαυτοῖς
722 1012 947 1068 τύραννον.
999 1012 1254 1068 ἐπεραίνετο
1288 1009 1330 1055 δ’
1366 1009 1391 1068 ἡ
1422 1013 1572 1071 βουλή,
1604 1014 1676 1055 καὶ
1706 1012 1783 1055 τὸν
1815 1016 1895 1054 574

119 1078 320 1139 ἀρχιερέα
351 1085 572 1124 ,Ματθίαν
612 1083 872 1136 πέμψαντες
902 1080 1075 1124 ἐδέοντο
1107 1085 1276 1135 Σίμωνι
1307 1080 1528 1124 εἰσελθεῖν
1559 1079 1608 1124 ὂν
1638 1079 1784 1123 πολλὰ

120 1150 313 1193 ἔδεισαν·
356 1149 718 1205 συμπαρεκάλουν
760 1148 807 1190 δὲ
849 1149 891 1191 οἱ
928 1148 972 1191 ἐκ
1002 1151 1087 1191 τῶν
1113 1146 1426 1204 Ἱεροσολύμων
1455 1148 1559 1199 τοὺς
1591 1147 1786 1206 ζηλωτὰς

119 1217 353 1274 φεύγοντες
374 1216 510 1273 πόθῳ
532 1219 619 1259 τῶν
649 1216 780 1258 οἴκων
810 1218 883 1258 καὶ
914 1218 1000 1258 τῶν
1030 1216 1275 1273 κτημάτων.
1327 1214 1348 1259 ὁ
1384 1213 1426 1259 δ3
1464 1213 1614 1267 αὐτοῖς
1644 1216 1781 1271 ὑπερ-
1813 1218 1895 1258 575

120 1285 301 1341 ἠᾳάνως
337 1283 605 1334 κατανεύσας
645 1282 693 1326 τὸ
739 1283 970 1336 δεσπόζειν
1011 1283 1255 1340 εἰσέρχεται
1294 1285 1373 1339 μὲν
1414 1282 1473 1335 (ὃς
1512 1280 1783 1335 ἀπαλλάξων

118 1355 205 1395 τῶν
238 1353 438 1408 ζηλωτῶν
469 1350 547 1409 τὴν
578 1348 712 1395 πόλιν
744 1351 889 1408 σωτὴρ
920 1349 1009 1394 ὑπὸ
1041 1354 1119 1395 τοῦ
1150 1352 1288 1408 δήμου
1318 1354 1392 1395 καὶ
1422 1351 1620 1409 κηδεμών
1652 1350 1783 1409 εὐφη-

118 1419 353 1474 μούμενος,
393 1419 637 1475 παρελθών
678 1420 723 1462 δὲ
764 1418 875 1473 μετὰ
913 1422 989 1477 τῆς
1021 1419 1245 1474 δυνάμεως
1277 1419 1457 1463 ἐσκόπει
1486 1420 1540 1462 τὰ
1572 1422 1678 1474 περὶ
1707 1422 1784 1474 τῆς
1816 1421 1896 1460 576

120 1486 275 1530 ἑαυτοῦ
307 1487 564 1537 δυναστείας
595 1490 664 1531 καὶ
688 1487 790 1538 τοὺς
820 1488 1088 1537 καλέσαντας
1111 1483 1185 1540 οἷτχ
1209 1483 1339 1545 ἧττον
1372 1487 1558 1543 ἐχθροὺς
1590 1487 1783 1542 ἐνόμιζεν

119 1547 147 1610 ἢ
176 1550 283 1597 καθ’
319 1550 379 1596 ῶν
411 1554 623 1612 ἐκέκλητο.

235 1625 298 1664 12.
336 1626 484 1677 Σίμων
524 1623 603 1676 μὲν
643 1623 781 1673 οὕτως
822 1622 1009 1678 ἐνιαυτῷ
1047 1626 1182 1679 τρίτῳ
1222 1625 1300 1665 τοῦ
1338 1624 1536 1677 πολέμου
1570 1625 1786 1679 Ξανθικῷ
1817 1625 1897 1664 577

119 1692 223 1746 μηνὶ
241 1686 553 1746 Ἱεροσολύμων
584 1690 792 1747 ἐγκρατὴς
820 1695 1010 1746 γίνεται·
1036 1686 1238 1748 Ἰωάννης
1270 1691 1316 1733 δὲ
1346 1692 1418 1734 καὶ
1449 1691 1498 1735 τὸ
1530 1693 1617 1733 τῶν
1650 1691 1786 1748 ζηλω-

119 1760 208 1799 τῶν
246 1759 425 1815 πλῆθος
466 1758 712 1814 εἰργόμενοι
746 1760 833 1801 τῶν
865 1757 1026 1809 ἐξόδων
1057 1761 1136 1801 τοῦ
1168 1759 1286 1813 ἱεροῦ
1315 1760 1389 1801 καὶ
1419 1758 1473 1801 τὰ
1505 1762 1583 1815 τῆς
1613 1759 1788 1809 πόλεως

124 1820 475 1877 ἀπολωλεκότες,
526 1828 794 1884 παραχρῆμα
833 1825 915 1882 γὰρ
956 1825 1011 1868 τὰ
1052 1825 1227 1869 ἐκείνων
1268 1827 1310 1869 οἱ
1349 1829 1453 1883 περὶ
1492 1826 1569 1870 τὸν
1607 1831 1788 1882 Σίμωνα

232 2017 775 2062 PAMLVROLatHegesippus
798 2016 848 2051 IV
873 2020 914 2051 25
940 2028 976 2061 p.
1003 2019 1080 2051 260.
1127 2017 1289 2052 Zonaras
1314 2017 1332 2051 Ι
1356 2029 1390 2061 p.
1416 2020 1493 2052 525.

233 2076 252 2107 3
276 2071 470 2121 κατάγειν]
495 2072 602 2118 ἄγειν
626 2073 842 2110 Herwerden
935 2070 1242 2118 παρεσκευάζετο
1267 2073 1396 2108 LVRC
1511 2076 1594 2107 ante
1619 2069 1788 2118 Ἰωάννης

123 2139 193 2164 ras.
225 2134 238 2164 1
265 2130 334 2165 litt.
359 2131 393 2164 A
507 2134 528 2165 4
554 2125 654 2167 ου’τω
680 2141 724 2165 ex
750 2123 827 2166 ὅτω
854 2140 945 2164 corr.
972 2130 1005 2162 A
1120 2133 1138 2162 5
1163 2131 1372 2174 καταδῆσαι
1397 2129 1425 2163 Ρ
1547 2132 1566 2162 6
1591 2127 1786 2173 παρεισδύ-

123 2199 260 2223 ναντεσ
284 2187 314 2221 L
386 2188 649 2235 διαφθείρουσι
675 2187 703 2221 P
729 2187 990 2231 διαφθείρωσι,
1017 2199 1047 2221 ω
1065 2195 1109 2219 ex
1135 2197 1179 2220 ov
1204 2194 1294 2219 corr.
1311 2186 1345 2219 A
1369 2187 1665 2232 διαφθείραντεσ
1689 2185 1718 2218 L

122 2245 140 2275 7
165 2246 473 2290 καταπιμπρῶσι]
499 2255 772 2291 καταπρησωσι
795 2242 932 2277 MVRG
1026 2244 1045 2276 8
1071 2236 1107 2276 ὅ
1132 2241 1162 2275 L
1257 2244 1276 2274 9
1302 2242 1378 2288 α’ρα
1404 2242 1430 2275 C
1509 2239 1698 2278 απολείασ
1723 2244 1789 2284 (ἵει

121 2307 166 2333 ex
183 2302 287 2342 corr.)
307 2300 333 2335 G
422 2303 461 2335 10
478 2297 692 2347 ἐπενόησαν
707 2295 767 2340 τὸ]
791 2295 1050 2344 ἐπενοήσαντο
1068 2297 1208 2332 MLVR
1278 2300 1314 2331 11
1343 2293 1436 2342 μεθ’
1460 2298 1589 2333 LVRC
1673 2296 1789 2344 ἱκετη-

126 2356 215 2400 ρίων
238 2355 319 2389 LA¹
412 2354 601 2403 δεύτερον]
625 2357 783 2402 χείρονα
807 2355 885 2389 Zon
906 2354 1204 2401 perniciosiorem
1225 2353 1303 2396 Heg
1327 2352 1544 2399 δεινότερον
1567 2353 1744 2388 Destinon

126 2413 167 2445 12
189 2410 427 2458 ἐπεραίνετο]
453 2413 476 2448 i.
502 2423 572 2448 ras.
600 2415 686 2447 7—8
712 2412 780 2447 litt.
798 2411 837 2445 M
854 2410 1077 2457 ε’παιρένετο
1102 2410 1166 2444 ΡΑ
1190 2409 1359 2452 (decreto)
1383 2411 1651 2456 obtemperatur
1674 2410 1745 2444 Lat

123 2467 162 2503 δὲ
177 2468 346 2504 AMVRC
418 2471 458 2503 13
484 2468 636 2505 ἐδέοντο
653 2489 698 2494 -
715 2468 912 2509 εἰσελθεῖν]
937 2471 1071 2512 roqanc
1086 2467 1271 2510 simonem,
1296 2471 1336 2500 ut
1352 2468 1401 2502 ad
1423 2477 1462 2501 se
1485 2466 1653 2501 introiret
1675 2466 1746 2500 Lat

125 2525 268 2568 σίμωνι]
300 2526 379 2560 PA²
409 2527 576 2570 σίμωνοσ
599 2524 767 2559 MLVRC
792 2527 827 2558 et
851 2534 894 2558 ex
918 2533 1010 2558 corr.
1035 2523 1067 2555 A
1092 2519 1263 2569 τιμωρὸν
1294 2523 1351 2557 uel
1384 2523 1498 2557 simile
1526 2523 1746 2558 desideratur

125 2576 258 2622 πολλὰ]
284 2579 471 2618 πολλάκισ
494 2582 525 2616 L
549 2592 658 2627 saepe
681 2581 751 2615 Lat
862 2583 902 2615 14
933 2576 1245 2625 συνπαρεκάλουν
1270 2579 1332 2614 ΡΑ
1439 2575 1476 2614 δ’
1502 2579 1528 2613 C
1639 2582 1679 2614 15
1705 2576 1790 2625 φεύ-

125 2648 269 2680 γοντασ
291 2637 359 2672 VR
462 2638 500 2674 δὲ
523 2637 618 2673 VRC
722 2633 842 2672 αὖτὸσ
865 2635 904 2668 Μ
1009 2638 1050 2670 16
1076 2634 1135 2677 τὸ]
1161 2639 1216 2672 τῶ
1240 2636 1267 2670 Ρ
1372 2631 1592 2678 α’παλλάξον
1615 2636 1648 2669 A
1674 2632 1790 2672 ἀπαλ-

127 2690 259 2734 λάξων,
283 2688 307 2729 οἷ
324 2693 442 2737 suppl.
465 2704 511 2729 m.
530 2696 548 2727 2
565 2694 599 2728 R
693 2697 732 2727 17
760 2689 780 2728 ὁ
799 2689 926 2738 σωτὴρ
943 2692 973 2726 L
1067 2696 1105 2726 21
1136 2693 1269 2737 Σίμων
1288 2713 1327 2716 -
1347 2694 1389 2726 22
1414 2690 1556 2738 γίνεται
1580 2703 1650 2727 om.
1675 2692 1747 2726 Lat

128 2746 207 2790 μὲν]
238 2750 306 2792 μὲν
331 2743 397 2785 οὖν
423 2749 449 2784 C
564 2752 756 2797 Ξανθικῷ]
789 2749 824 2784 h.
851 2759 881 2783 e.
907 2758 1028 2783 mense
1052 2749 1170 2792 Aprili
1202 2752 1265 2784 aut
1289 2749 1386 2784 Maio
1417 2749 1500 2783 anni
1532 2751 1574 2783 69
1598 2759 1635 2792 p.
1661 2747 1743 2782 Chr.

131 2803 172 2835 22
196 2805 292 2849 μηνὶ]
317 2808 402 2850 μηνὶ
425 2807 545 2852 τρίτηι
569 2806 600 2840 L
684 2807 842 2852 γινεται]
867 2803 1016 2851 εγενετο
1043 2804 1138 2839 VRO
1219 2801 1279 2846 τὸ]
1305 2808 1360 2841 τῶ
1375 2805 1409 2838 Α
1495 2807 1535 2839 23
1562 2801 1791 2851 εἰργόμενοι,

133 2870 154 2903 ρ
177 2867 221 2891 ex
245 2869 336 2894 corr.
360 2860 388 2894 P
414 2859 637 2907 εἰργόμενον
661 2861 756 2909 (ειργ
772 2882 817 2886 -
835 2861 873 2903 O)
899 2860 1026 2896 LVRC
1108 2860 1168 2902 τὰ]
1194 2858 1267 2899 τιέκ
1292 2862 1384 2897 coni.
1409 2862 1553 2897 Bekker
1630 2862 1673 2894 24
1697 2855 1790 2896 εἷπο-

132 2907 335 2950 λολεκότεσ
358 2916 386 2949 P
412 2912 717 2954 απολωλεκότων
740 2918 771 2952 L
797 2912 1082 2954 απολελοκότεσ
1108 2919 1134 2953 C
