2018 3236
188 131 267 167 244
568 126 633 159 DE
659 124 816 158 BELLO
841 122 938 159 IUD.
963 122 999 156 ΙΙ
1024 124 1202 158 489-495
1227 125 1341 164 (XVIII
1367 128 1395 154 7.
1422 125 1454 163 8)

191 245 363 285 λειπτοι
398 238 510 291 πρὸς
541 236 642 286 τοὶ-ς
675 232 888 292 Έλληνας,
929 236 1001 276 καὶ
1031 236 1118 276 τῶν
1148 231 1370 291 ἡγεμόνιον
1401 232 1594 283 πολλοὺς
1624 231 1838 290 ὁσημέραι

80 316 160 354 490
193 304 301 363 παρ’
348 303 512 361 ἀμφοῖν
551 303 821 354 κολαζόντων
859 299 884 358 ἡ
927 301 1082 350 στάσις
1111 302 1277 355 μᾶλλον
1308 299 1604 355 παρωξύνετο.
1661 299 1762 343 τότε
1793 299 1836 343 δ’

192 374 249 425 ὡς
292 375 361 416 καὶ
402 371 525 426 παρὰ
563 380 657 421 τοῖς
695 366 845 419 ἄλλοις
885 367 1165 425 ἐτετάρακτο,
1211 369 1377 422 μᾶλλον
1417 366 1590 424 ἐξήφθη
1630 366 1684 408 τὰ
1725 363 1837 423 παρ’

193 443 383 489 ἐκείνοις.
432 440 504 481 καὶ
528 437 577 494 δη
601 440 687 479 τῶν
703 433 1023 491 Ἀλεξανδρέων
1051 434 1417 492 ἐκκλησιαζόντων
1449 437 1551 491 περὶ
1581 430 1632 491 ἧς
1663 434 1842 489 ἔμελλον

193 509 432 562 ἐκπέμπειν
472 509 709 560 πρεσβείας
745 503 819 547 ἐπὶ
860 506 1045 558 Νέρωνα
1086 502 1379 559 συνερρύησαν
1416 502 1494 556 μὲν
1531 501 1593 551 εἰς
1622 501 1671 545 τὸ
1706 498 1844 559 ἀμφι-
1874 512 1893 542 5

82 583 159 622 491
194 579 385 627 θέατρον
417 574 506 628 ἅμα
536 582 629 623 τοῖς
648 567 849 629 Ἕλλησιν
881 571 1028 623 συχνοὶ
1054 565 1296 621 Ἰουδαίων,
1327 568 1577 620 κατιδόντες
1611 569 1657 611 δὲ
1689 565 1845 620 αὐτοὺς

193 644 235 686 οἱ
258 642 469 698 διάφοροι
490 642 757 696 παραχρῆμα
780 635 972 693 ἀνεβόων
994 639 1232 691 πολεμίους
1261 638 1334 679 καὶ
1365 637 1668 687 κατασκόπους
1700 638 1846 692 λέγον-

192 722 282 760 τες·
326 709 481 752 ἔπειτα
522 705 882 765 ἀναπηδήσαντες
923 705 1164 759 ἐπέβαλλον
1199 704 1277 755 τὰς
1305 713 1453 758 χεῖρας
1485 700 1645 754 αὐτοῖς.
1697 705 1739 747 οἱ
1769 704 1847 758 μὲν

176 768 269 820 ὀὖν
308 778 459 819 λοιποὶ
500 775 733 832 φεύγοντες
773 773 1094 830 διεσπάρησαν,
1133 782 1248 826 τρεῖς
1289 773 1334 814 δὲ
1368 769 1528 825 ἄνδρας
1560 770 1848 826 συλλαβόντες

86 851 166 889 492
199 845 351 900 ἔσυρον
391 841 449 893 ὡς
481 843 643 895 ζῶντας
672 841 1032 897 καταφλέξοντες.
1081 837 1198 897 ἤρθη
1233 840 1278 881 δὲ
1309 842 1399 881 πᾶν
1429 838 1477 881 τὸ
1506 835 1740 882 Ἰουδαϊκὸν
1772 838 1847 881 ἐπὶ
1878 846 1914 879 10

193 912 270 970 τὴν
317 909 506 966 ἄμυναν,
551 913 624 953 καὶ
665 908 712 952 τὸ
755 910 833 963 μὲν
872 910 1050 963 πρῶτον
1091 909 1240 956 λίθοις
1277 906 1379 956 τους
1405 902 1613 963 Ἕλληνας
1652 906 1848 960 ἔβαλλον,

198 971 331 1030 αὖθις
371 980 417 1021 δὲ
456 978 692 1032 λαμπάδας
732 974 1035 1032 ἁρπασάμενοι
1074 974 1187 1028 πρὸς
1217 973 1265 1017 τὸ
1300 973 1612 1030 ἀμφιθέατρον
1643 968 1850 1030 ὥρμησαν

199 1044 482 1096 ἀπειλοῦντες
538 1045 581 1087 ἐν
636 1041 753 1099 αὐτῷ
804 1042 1092 1098 καταφλέξειν
1141 1041 1217 1085 τὸν
1265 1041 1401 1098 δῆμον
1447 1039 1700 1096 αὔτανδρον.
1771 1034 1851 1082 κάν

199 1116 403 1173 ἔφθησαν
448 1116 577 1156 τοῦτο
624 1111 881 1167 δράσαντες,
928 1110 965 1152 εἰ
1011 1108 1067 1167 μὴ
1107 1107 1208 1159 τοὺς
1245 1108 1416 1162 θυμοὺς
1457 1104 1597 1151 αὐτῶν
1639 1104 1851 1163 ἀνέκοψεν

88 1187 169 1226 493
206 1176 752 1237 ΤιβέριοςἈλέξανδροςὸ
786 1181 862 1235 τῆς
892 1177 1064 1227 πόλεως
1093 1174 1276 1234 ἡγεμών.
1328 1172 1376 1218 οὗ
1408 1175 1492 1233 μὴν
1525 1172 1652 1225 οὗτός
1680 1192 1727 1231 γε
1758 1172 1847 1218 ἀπὸ
1882 1182 1917 1215 15

200 1253 287 1292 τῶν
319 1245 469 1292 ὅπλων
498 1245 658 1305 ἤρξατο
691 1245 999 1302 σωφρονίζειν,
1041 1240 1138 1286 ἀλλ’
1174 1241 1452 1299 ὓποπέμψας
1481 1243 1583 1293 τοὺς
1611 1247 1855 1299 γνωρίμους

203 1314 351 1366 αὐτοῖς
400 1315 666 1358 παύσασθαι
704 1312 944 1368 παρεκάλει
984 1313 1056 1354 καὶ
1094 1310 1153 1368 μὴ
1191 1306 1300 1353 καθ’
1345 1310 1509 1353 ἑαυτῶν
1549 1310 1765 1367 ἐρεθίζειν
1802 1310 1851 1353 τὸ

197 1384 418 1438 Ῥωμαίων
441 1381 701 1436 στράτευμα.
750 1378 1138 1433 καταχλευάζοντες
1160 1379 1206 1420 δὲ»
1226 1380 1303 1433 τῆς
1329 1379 1644 1436 παρακλήσεως
1675 1378 1717 1420 οἱ
1749 1394 1853 1420 στα-

204 1452 378 1501 σιώδεις
410 1449 717 1506 ἐβλασφήμουν
746 1447 822 1489 τὸν
860 1449 1074 1501 Τιβέριον.

92 1535 173 1574 494
316 1534 353 1573 8.
384 1526 596 1578 Κάκεῖνος
619 1524 804 1569 συνιδών
827 1523 886 1575 ὦς
910 1526 1044 1578 χωρὶς
1073 1524 1261 1580 μεγάλης
1293 1526 1524 1580 συμφορᾶς
1555 1519 1629 1566 οὐκ
1660 1517 1712 1566 ἀν
1743 1520 1857 1567 παύ-
1889 1530 1925 1562 20

205 1613 355 1640 σαιντο
396 1595 739 1651 νεωτερίζοντες,
781 1592 1025 1649 ἐπαφίησιν
1066 1588 1214 1641 αὐτοῖς
1252 1590 1307 1633 τὰ
1346 1591 1456 1633 κατὰ
1492 1591 1570 1649 τὴν
1599 1591 1733 1634 πόλιν
1758 1590 1857 1634 Ῥω-

203 1668 346 1718 μαίων
386 1663 462 1706 δύο
502 1663 702 1716 τάγματα
741 1662 812 1702 καὶ
853 1659 930 1701 σὺν
969 1654 1117 1708 αὐτοῖς
1157 1659 1394 1711 δισχιλίους
1433 1658 1705 1713 στρατιώτας
1744 1658 1857 1701 κατὰ

203 1731 333 1788 τύχην
373 1730 598 1785 παρόντας
638 1729 700 1779 εἷς
728 1727 806 1770 τὸν
832 1726 1054 1770 Ἰουδαίων
1085 1722 1274 1780 ὄλεθρον
1306 1724 1350 1767 ἐκ
1381 1725 1576 1782 Λιβυης
1617 1724 1858 1779 ἐπέτρεψεν

208 1798 253 1840 δὲ
284 1794 332 1840 οὗ
364 1797 498 1851 μόνον
530 1794 736 1852 ἀναιρεῖν,
769 1790 880 1836 ἀλλὰ
910 1795 983 1836 καὶ
1013 1792 1092 1843 τὰς
1122 1793 1294 1849 κτήσεις
1326 1788 1466 1834 αὖτιῦν
1498 1791 1756 1846 διαρπάζειν
1785 1794 1857 1835 καὶ

96 1871 177 1910 495
208 1864 288 1915 τὰς
310 1865 450 1914 οἰκίας
470 1865 772 1921 καταφλέγειν.
824 1863 865 1904 οἷ
889 1857 928 1903 δ’
957 1858 1225 1915 ὁρμήσαντες
1247 1859 1309 1909 εἰς
1335 1858 1383 1902 τὸ
1416 1859 1678 1913 καλούμενον
1699 1861 1857 1911 Δέλτα,
1890 1866 1926 1898 25

209 1931 448 1987 συνῴκιστο
487 1930 569 1987 γάρ
611 1932 697 1973 ἐκεῖ
733 1928 782 1972 τὸ
818 1925 1073 1979 Ἰουδαϊκόν,
1121 1926 1293 1969 ἐτέλουν
1332 1925 1411 1975 τὰς
1450 1926 1647 1978 ἐντολάς,
1688 1922 1735 1969 οἵ)
1775 1927 1859 1983 μὴν

208 1995 448 2053 ἀναιμωτί·
481 2001 804 2054 συστραφέντες
834 1995 915 2051 γὰρ
950 1996 991 2037 οἱ
1011 1990 1215 2037 Ἰουδαῖοι
1245 1995 1318 2035 καὶ
1348 1992 1448 2043 τοῖς
1479 1990 1658 2047 ἄμεινον
1690 1991 1859 2037 ὠπλισ-

322 2197 860 2241 PAMLVRCLatHegesippus
883 2196 919 2230 II
946 2199 983 2230 11
1011 2206 1045 2239 p.
1074 2197 1149 2229 151.

325 2260 339 2290 1
374 2258 437 2292 καὶ
467 2277 510 2280 —
542 2258 561 2289 2
592 2251 848 2298 κολαζόντων]
880 2257 915 2287 et
943 2251 1121 2285 iudicibus
1151 2250 1271 2284 multis
1302 2249 1461 2293 quotidie
1492 2249 1535 2283 ab
1573 2253 1727 2294 utraque
1755 2255 1862 2295 parte

213 2313 352 2346 lucrum
368 2311 620 2347 reuellentibus
636 2311 706 2344 Lat
774 2307 967 2354 ώσήμεραι
985 2306 1156 2341 PA¹R¹C¹
1225 2308 1244 2339 2
1262 2304 1300 2340 δὲ
1316 2304 1449 2339 MVRC
1520 2308 1538 2338 3
1556 2301 1673 2350 παρὰ]
1691 2302 1736 2342 τὰ
1758 2318 1861 2351 παρα

214 2367 389 2402 Destinon
479 2365 658 2403 ἐτέτακτο
684 2366 718 2399 Α
826 2369 844 2399 5
869 2363 1051 2408 ἐκπέμπει
1074 2364 1106 2396 Α
1222 2365 1239 2394 7
1265 2363 1494 2405 παραχρῆμα
1521 2361 1590 2405 μὲν
1612 2361 1645 2393 Α
1738 2364 1756 2395 8
1780 2359 1863 2397 ε’πέ-

214 2428 335 2470 βαλον
358 2423 430 2458 MV
546 2426 565 2457 9
591 2419 781 2469 φυγόντεσ
805 2423 837 2455 Α
967 2415 1231 2463 διεσπάρησαν]
1257 2417 1378 2451 Naber
1402 2417 1570 2462 dissipati
1592 2420 1676 2451 sunt
1698 2417 1770 2450 Lat
1793 2420 1862 2453 διε-

216 2479 418 2526 φθάρησαν
442 2483 580 2522 (-εισαν
603 2480 649 2518 A)
674 2478 774 2513 codd.
894 2480 932 2510 10
957 2475 1029 2517 ἐπὶ]
1055 2474 1110 2510 εἰσ
1132 2474 1165 2508 V
1282 2476 1322 2507 12
1347 2469 1455 2518 πρὸς]
1481 2473 1538 2508 εἰσ
1561 2473 1593 2506 V
1688 2476 1726 2508 13
1750 2487 1864 2510 κατα-

216 2537 362 2580 φλέξειν
384 2535 425 2572 ἐν
450 2531 551 2583 αὐτῷ
574 2538 617 2569 tr.
636 2534 729 2569 VRG
799 2532 851 2575 ἐν]
877 2529 943 2568 σὺν
959 2531 1132 2566 Destinon
1201 2526 1421 2574 αὔτανδρον,
1447 2542 1466 2563 ν
1489 2531 1572 2563 ante
1596 2532 1616 2564 ὃ
1632 2529 1654 2563 i.
1672 2539 1741 2564 ras.
1759 2530 1799 2564 M

217 2590 288 2628 κᾶν
311 2594 333 2626 i.
358 2602 428 2626 ras.
454 2594 472 2625 3
512 2592 579 2626 litt.
613 2601 658 2625 m.
691 2593 709 2624 2
736 2590 761 2624 C
903 2591 941 2623 14
973 2587 1006 2624 εἰ
1036 2597 1079 2620 ex
1108 2601 1129 2632 η
1160 2595 1249 2620 corr.
1280 2585 1312 2618 A
1452 2588 1491 2619 15
1521 2579 1645 2626 οὗτός]
1676 2581 1795 2621 αὕτόσ
1827 2585 1866 2619 Μ

219 2649 295 2694 ipse
311 2648 381 2682 Lat
461 2650 516 2694 γε]
540 2660 581 2684 τε
598 2646 732 2681 PAML
817 2649 852 2679 17
881 2639 1020 2685 αὐτοῖς]
1043 2653 1164 2677 eorum
1181 2641 1252 2675 Lat
1330 2637 1466 2676 ἑαυτὸν
1489 2641 1521 2674 V
1602 2640 1659 2682 τὸ]
1684 2638 1730 2677 τὰ
1754 2642 1787 2676 V

222 2707 261 2738 18
295 2702 521 2749 στράτευμα]
555 2697 654 2739 ὅπλα
678 2702 711 2736 V
847 2704 888 2735 22
914 2700 1120 2745 δισχιλίους]
1145 2697 1470 2741 πεντακισχιλίουσ
1493 2696 1693 2731 LVRCLat
1716 2690 1866 2744 εὕρηται

222 2762 284 2796 καὶ
309 2760 636 2804 πεντακϊσχιλίουσ
658 2758 681 2792 i.
707 2767 815 2801 marg.
841 2758 880 2791 M
1017 2758 1059 2790 23
1084 2750 1225 2799 λιβύησ,
1249 2767 1261 2786 ι
1285 2751 1308 2786 i.
1334 2761 1402 2785 ras.
1427 2752 1458 2783 A
1489 2749 1627 2798 λυβύησ
1650 2751 1745 2786 R¹C¹
1768 2750 1866 2797 λιβό-

221 2829 289 2862 νησ
310 2816 343 2851 V
435 2819 477 2850 24
501 2811 537 2850 δ’
561 2814 591 2848 L
721 2808 901 2859 α’ναιρεῖν]
925 2812 1085 2848 κτείνειν
1109 2809 1139 2843 V
1277 2810 1316 2842 25
1341 2807 1599 2852 καταφλέγειν,
1625 2821 1645 2842 ν
1668 2818 1696 2842 s.
1723 2810 1753 2841 A

222 2872 259 2908 δὲ
282 2871 377 2907 VRC
492 2873 531 2904 27
558 2867 736 2915 άναιμοτί
759 2868 786 2901 P
812 2865 1018 2912 ἀναιμωτεί
1041 2867 1070 2901 L
1186 2863 1221 2900 οἳ
1245 2874 1274 2898 s.
1301 2865 1331 2896 A
1446 2859 1614 2906 ἄμεινον]
1641 2862 1772 2908 optime
1795 2862 1866 2898 Lat
