2039 3282
863 155 1051 190 Praefatio.
1690 158 1789 191 XXV

124 271 340 324 Aegyptii,
372 270 484 323 quod
518 270 642 312 simul
674 275 790 311 extat
821 283 859 323 p.
885 272 978 323 509,
1007 273 1054 309 10
1083 266 1328 322 Ἀσωχαῖος
1349 274 1374 320 ¹)
1407 286 1433 313 a
1463 272 1626 325 uulgari
1660 272 1786 324 longe

123 338 263 380 distet.

235 405 353 447 Haec
383 405 510 458 igitur
540 409 635 447 sunt
677 405 800 457 uitia,
842 405 992 457 quibus
1035 420 1179 448 omnes
1218 406 1386 449 codices
1428 407 1633 459 inquinati
1676 411 1783 448 sunt.

123 476 306 515 ceterum
330 485 458 526 saepe
485 477 613 515 testes
645 474 685 513 in
717 472 907 514 diuersas
939 477 1079 526 partes
1111 474 1325 527 abierunt;
1358 487 1450 516 cum
1474 475 1596 526 enim,
1630 474 1785 515 utfieri

120 539 307 591 adsolet,
358 540 399 581 in
445 539 696 593 quibusdam
737 539 954 581 codicibus
1000 554 1083 582 non
1123 542 1248 594 pauci
1292 541 1373 582 loci
1420 546 1784 596 corrumperentur

120 611 193 649 aut
224 607 617 660 interpolationibus
649 608 937 661 afficerentur,
979 612 1175 660 corrupta
1215 608 1371 649 deinde
1413 622 1438 649 a
1476 608 1781 650 correctoribus

120 679 436 730 temptarentur,
458 675 532 716 alii
551 688 650 717 uero
669 675 839 729 Iosephi
857 676 987 718 uerba
1003 676 1167 727 integra
1183 676 1424 727 retinerent,
1447 676 1590 716 uariae
1609 676 1782 717 obortae

121 747 216 784 sunt
248 742 572 796 discrepantiae.
633 743 746 796 quod
780 756 861 796 quo
893 742 1019 784 modo
1050 742 1206 784 factum
1245 743 1318 794 sit,
1361 755 1441 783 uno
1473 744 1656 785 maxime
1689 745 1781 785 loco

122 810 321 851 illustrari
354 814 513 864 potest,
548 811 616 863 qui
650 815 713 852 est
743 824 782 863 p.
816 812 909 863 2165,
936 812 972 861 S,
1005 810 1076 851 ubi
1110 810 1151 850 in
1183 809 1467 863 descriptione
1499 812 1644 864 templi
1677 811 1783 853 haec

120 877 373 919 edebantur:
413 879 684 931 γονορροίοις
714 876 792 929 μὲν
824 874 873 929 δὴ
907 876 979 916 καὶ
1010 876 1191 929 λειτροῐς
1221 872 1245 932 ἡ
1280 875 1412 925 πόλις
1445 871 1521 932 ὅλη
1555 877 1782 931 διείργετο,

118 945 332 998 γυναικῶν
372 944 417 985 δὲ
457 943 664 998 ἐμμήνοις
704 940 1014 984 ἀπεκέκλειστο
1056 943 1212 984 tradita
1252 945 1291 985 in
1325 944 1356 986 C
1400 949 1440 986 et
1479 946 1617 987 sociis.
1674 959 1781 998 quae

120 1017 316 1065 corrupta
348 1025 439 1055 esse
470 1016 667 1066 apparot,
708 1012 887 1064 primum
920 1011 1032 1063 quod
1067 1010 1280 1065 διείργετο
1313 1012 1450 1054 minus
1481 1017 1593 1054 recte
1625 1013 1781 1055 dictum

120 1084 194 1132 est,
219 1080 331 1133 quod
351 1092 442 1122 esse
460 1079 643 1121 debebat
661 1077 840 1131 εἴργετο,
864 1078 1018 1120 deinde
1041 1080 1141 1131 quia
1162 1080 1307 1132 inepta
1323 1083 1563 1133 narrantur;
1585 1082 1783 1123 mulieres

120 1147 230 1189 enim
280 1148 502 1189 menstruis
546 1146 786 1187 laborantes
825 1158 907 1187 non
949 1159 1002 1188 ex
1043 1151 1132 1188 tota
1170 1147 1273 1188 urbe
1314 1147 1670 1200 excludebantur,
1709 1149 1785 1190 sed

117 1227 143 1255 a
175 1216 331 1268 templo
363 1215 453 1256 solo
484 1214 633 1255 abesse
666 1213 973 1255 iubebantu1··2›.
1031 1226 1110 1255 nec
1133 1227 1226 1255 cum
1249 1215 1334 1256 illis
1357 1215 1624 1256 consentiunt
1655 1216 1783 1257 ceteri

119 1281 310 1335 codices3
341 1294 436 1323 nam
468 1281 510 1322 in
532 1281 566 1321 L
596 1294 678 1322 non
702 1279 914 1333 διείργετο
939 1284 1068 1334 extat,
1101 1281 1176 1323 sed
1210 1277 1295 1333 εἶχε
1325 1279 1373 1322 τὸ
1409 1280 1611 1335 διεῖργον,
1644 1284 1685 1324 in
1708 1284 1784 1325 VR

118 1346 165 1389 τὸ
201 1348 400 1403 διεῖργον,
433 1349 475 1389 id
509 1348 621 1401 quod
653 1348 780 1389 etiam
807 1348 981 1390 Latinus
1014 1347 1211 1390 habuisse
1243 1349 1423 1402 uidetur,
1456 1351 1527 1403 qui
1559 1351 1685 1392 uertit
1716 1365 1783 1389 ar-

118 1415 244 1462 cebat,
277 1415 315 1457 h.
339 1429 373 1458 e.
395 1416 483 1458 fere
516 1414 722 1469 διεῖργεν;
755 1415 938 1468 denique
973 1416 1089 1457 PAM
1119 1415 1227 1458 haec
1258 1416 1480 1459 exhibent:
1512 1415 1560 1457 τὸ
1595 1416 1783 1471 διεῖργον

116 1479 164 1523 τὸ
200 1477 239 1523 δ’
277 1480 393 1535 ἱερὸν
425 1488 466 1526 et
495 1488 717 1537 praeterea
750 1481 796 1523 δὲ
827 1487 924 1536 post
962 1484 1176 1536 γυναικών
1207 1485 1413 1526 omittunt.
1476 1484 1575 1526 hinc
1604 1490 1784 1539 appa-ret

117 1551 177 1593 sic
206 1550 377 1605 Iosephi
409 1565 578 1593 manum
614 1551 919 1594 restituendam
951 1563 1063 1592 esse:
1103 1554 1378 1604 γονορροίοις
1415 1551 1493 1605 μὲν
1527 1550 1577 1608 δὴ
1609 1553 1681 1594 καὶ
1713 1553 1783 1594 λε-

116 1625 247 1671 προῖς
277 1614 301 1673 ἡ
335 1617 466 1667 πόλις
496 1613 596 1674 ὅλη,
635 1615 683 1659 τὸ
719 1612 758 1658 δ’
797 1615 915 1670 ἱερὸν
954 1619 1168 1671 γυναικῶν
1208 1617 1416 1675 ἐμμήνοις
1457 1614 1782 1662 ἀπεκέκλειστο.

116 1686 240 1728 simul
279 1691 478 1740 apparet,
524 1700 607 1740 quo
648 1685 773 1728 modo
817 1689 935 1728 ortae
966 1686 1048 1727 sint
1086 1686 1232 1728 uariae
1273 1689 1560 1742 corruptelae3
1600 1690 1782 1742 primum

116 1754 226 1796 enim
256 1751 304 1795 τὸ
340 1748 381 1794 δ)
419 1751 536 1807 ἱερὸν
567 1758 772 1796 mutatum
804 1757 868 1796 est
898 1753 940 1794 in
971 1750 1019 1793 τὸ
1056 1751 1258 1807 διεῖργον,
1292 1756 1406 1809 quod
1438 1761 1482 1797 ut
1512 1756 1780 1809 aliquatenus

115 1821 307 1874 intellegi
336 1826 492 1875 posset,
530 1822 722 1864 additum
756 1827 819 1863 est
851 1819 898 1861 δε
927 1825 1025 1874 post
1054 1823 1280 1874 γυναικῶν.
1333 1822 1439 1866 haec
1469 1837 1550 1865 non
1583 1824 1707 1865 modo
1740 1825 1781 1865 in

117 1889 191 1930 VR
222 1894 263 1931 et
293 1890 444 1932 Latino
475 1902 584 1931 nunc
615 1890 832 1942 leguntur,
865 1889 938 1931 sed
972 1889 1099 1930 etiam
1132 1890 1232 1931 olim
1264 1890 1307 1931 in
1339 1890 1531 1933 codicum
1564 1891 1709 1933 LVRC
1742 1897 1783 1933 et

114 1956 255 1998 Latini
287 1957 497 1999 communi
520 1958 633 1998 fonte
654 1957 833 1998 fuerunt.
882 1970 978 1998 nam
1003 1957 1130 1998 etiam
1153 1970 1262 2010 quae
1284 1957 1318 1998 L
1340 1962 1381 2000 et
1402 1958 1434 2000 G
1457 1958 1615 2001 habent
1636 1973 1782 2012 quam-

116 2024 180 2066 uis
212 2024 382 2067 diuersa
411 2029 552 2066 tamen
583 2024 772 2066 indidem
804 2028 896 2066 orta
926 2029 1042 2077 sunt;
1073 2038 1211 2078 neque
1243 2026 1353 2066 enim
1387 2026 1494 2080 fugit
1525 2031 1781 2069 correctores

116 2091 246 2133 uerba
275 2089 324 2132 τὸ
359 2090 548 2145 διεῖργον
580 2105 663 2134 non
694 2092 801 2133 bene
833 2105 877 2133 se
909 2090 1088 2145 habere,
1128 2105 1258 2145 quare
1296 2094 1339 2134 in
1371 2094 1404 2134 L
1444 2094 1675 2147 repositum
1717 2100 1781 2136 est

117 2153 201 2209 εἶχε
231 2156 280 2200 τὸ
315 2157 516 2214 διεῖργον,
549 2161 591 2201 in
614 2159 645 2201 G
677 2159 858 2212 aliisque
891 2157 1118 2212 διείργετο,
1151 2172 1260 2212 quae
1293 2165 1388 2202 sunt
1408 2162 1780 2214 grammaticorum

116 2226 393 2269 coniecturae.
445 2227 629 2280 denique
660 2240 806 2268 uerum
837 2223 886 2267 τὸ
921 2225 962 2266 δ’
1000 2224 1118 2279 ἱερὸν
1149 2227 1192 2268 in
1222 2228 1323 2269 solis
1346 2228 1463 2269 PAM
1486 2232 1697 2270 seruatum
1719 2233 1782 2271 est

117 2293 176 2334 ita
197 2297 350 2347 tamen,
383 2299 428 2336 ut
449 2296 627 2336 alterum
650 2295 770 2336 iuxta
791 2295 971 2348 positum
997 2295 1062 2347 sit,
1094 2299 1138 2336 ut
1161 2295 1203 2336 in
1225 2307 1369 2336 eorum
1392 2295 1626 2348 archetypo
1650 2296 1780 2338 fuisse

329 2359 377 2402 τὸ
412 2360 601 2415 διεῖργον

118 2417 310 2459 uideatur
329 2417 377 2459 τὸ
403 2412 442 2458 δ’
472 2415 588 2471 ἱερὸν
603 2420 647 2466 4).
689 2418 807 2459 ΡΑΜ
828 2419 957 2472 igitur
979 2419 1172 2461 omnibus
1193 2419 1368 2472 reliquis
1390 2419 1543 2460 uirtute
1564 2424 1780 2473 praestare

232 2519 261 2558 1)
285 2518 315 2551 is
341 2519 396 2551 est
412 2527 486 2560 rex,
512 2517 569 2560 qui
588 2516 694 2560 uulgo
711 2526 733 2551 a
750 2516 850 2550 LXX
874 2517 1130 2561 interpretibus
1150 2514 1351 2559 Σούσακος
1374 2518 1585 2562 appellatur.
1630 2520 1668 2552 at
1685 2519 1780 2562 apud

118 2571 309 2616 Iosephum
332 2574 416 2608 Ant.
442 2574 519 2608 Iud.
546 2573 632 2607 VIII
659 2575 784 2616 253sq.
805 2569 958 2616 Ἴσωκος
988 2574 1023 2607 in
1048 2573 1255 2609 melioribus
1287 2574 1388 2609 libris
1412 2575 1583 2616 traditur,
1616 2575 1711 2618 quod
1735 2575 1781 2610 ad

120 2621 323 2673 Ἀσωχαῖος
346 2629 495 2673 propius
521 2629 670 2664 accedit.
836 2633 867 2672 2)
894 2630 938 2664 cf.
957 2631 1042 2664 Ant.
1060 2630 1138 2665 Iud.
1156 2630 1208 2663 III
1235 2633 1312 2666 261.
1339 2635 1433 2665 cont.
1452 2632 1519 2674 Ap.
1539 2631 1573 2663 11
1593 2634 1670 2674 103;
1696 2631 1779 2666 bell.

1542 2686 1586 2722 τὸ
1614 2690 1635 2721 δ
1643 2683 1650 2695 '
1676 2686 1707 2723 {e
1737 2685 1782 2723 ὸν

117 2728 196 2762 Iud.
213 2729 263 2764 V1
281 2732 357 2764 426.
397 2730 523 2765 similia
541 2731 670 2765 docent
688 2729 900 2766 Talmudici.
993 2734 1027 2772 4)
1051 2731 1168 2775 possis
1186 2732 1342 2776 cogitare
1359 2732 1463 2766 etiam
1481 2731 1524 2766 de
1541 2731 1585 2767 τὸ
1605 2701 1780 2779 διεῖρὶῗον,

117 2784 209 2826 quod
233 2785 348 2820 minus
365 2786 550 2830 probabile
574 2788 639 2828 est,
664 2787 831 2830 quoniam
856 2798 936 2822 mox
961 2788 1066 2822 abest
1089 2788 1127 2824 δὲ
1143 2791 1226 2832 post
1250 2790 1448 2834 γυναικῶν,
1473 2788 1569 2832 quod
1594 2799 1674 2823 cum
1699 2799 1778 2823 cor-

117 2842 220 2883 rupto
245 2843 408 2886 διεῖργον
433 2841 662 2876 coniunctum
688 2845 753 2878 est.
803 2846 957 2878 ceterum
982 2854 1054 2878 non
1078 2853 1160 2878 raro
1189 2844 1294 2878 binae
1325 2844 1493 2879 lectiones
1526 2844 1647 2879 eodem
1672 2845 1775 2880 modo

118 2895 329 2930 coniunctae
352 2897 388 2930 in
412 2896 474 2930 PA
499 2897 736 2941 reperiuntur.
