2018 3236
115 262 194 302 529

116 396 196 435 530

116 999 196 1038 534

116 1269 195 1308 535

116 1403 196 1443 536

117 1537 196 1577 537

228 147 310 183 416
668 143 735 186 DE
758 142 919 176 BELLO
943 141 1039 176 IUD.
1063 141 1113 176 IV
1138 143 1314 176 529—537
1341 142 1390 183 (lx
1416 143 1448 183 7)

340 263 376 299 7.
407 261 554 310 Σίμων
596 256 642 297 δὲ
681 253 804 308 παρὰ
845 253 975 303 δόξαν
1008 252 1071 302 εἷς
1108 253 1185 308 τὴν
1211 248 1460 307 Ἰδουμαίαν
1499 248 1727 307 εἰσήλασεν
1760 248 1885 296 ἆναι-

226 326 339 378 μωτὶ
371 326 440 366 καὶ
474 321 740 375 προσβαλών
772 316 997 377 ἀδοκήτως
1018 319 1198 376 πρώτην
1221 320 1338 374 αἱρεῖ
1357 318 1434 377 τὴν
1456 321 1667 376 πολίχνην
1687 320 1883 373 Χεβρών,

230 391 272 433 ἓν
302 388 329 447 ᾗ
360 392 571 446 πλείστης
594 389 802 446 ἐκράτησε
834 389 966 437 λείας,
998 387 1241 441 πάμπολυν
1275 387 1321 429 δὲ
1344 387 1563 443 διήρπασε
1592 387 1775 442 καρπόν.
1827 385 1887 437 ῶς

227 459 273 499 δέ
295 473 431 513 φασιν
463 458 505 499 οἵ
528 456 761 511 ἐπιχώριοι
790 454 868 512 τὴν
889 453 1076 509 Χεβρών
1108 451 1156 497 οὐ
1179 454 1315 508 μόνον
1336 456 1422 496 τῶν
1443 455 1546 511 τῇδε
1567 454 1741 498 πόλεων
1773 450 1883 497 ἀλλὰ

226 527 294 567 καὶ
333 527 410 582 τῆς
441 524 485 567 ἐν
515 523 737 580 Αἰγύπτῳ
776 526 1008 578 ΠίῙέμφεως
1048 518 1363 577 ἀρχαιοτέραν·
1404 522 1598 575 δισχίλια
1635 524 1736 577 γοῦν
1778 539 1884 578 αυτῃ

226 610 297 635 7.ch
327 591 560 646 τριακόσια
600 591 671 648 ἔτη
710 593 1066 645 συναριθμεῖται.
1125 590 1373 643 μυθεύουσι
1413 589 1459 630 δὲ
1502 584 1635 645 αυτὴν
1665 591 1738 632 καὶ
1771 589 1886 646 οἰκη-

224 660 374 714 τηριον
399 654 623 714 Αβραμου
653 661 731 700 τοῦ
754 658 972 700 Ἰουδαίων
1006 657 1223 713 προγόνου
1245 659 1494 712 γεγονέναι
1492 655 1599 698 ιιετὰ
1629 656 1706 714 τὴν
1738 655 1783 698 ἐκ
1811 673 1888 712 της

225 731 584 780 ῘΙΙεσοποταμίας
615 722 938 777 ἀπανάστασιν
971 725 1071 775 τούς
1102 741 1149 767 τε
1184 725 1354 774 παῖδας
1387 720 1519 766 αυτοῦ
1552 725 1724 779 λέγουσι
1753 741 1887 766 κατα-

172 806 180 812 ·
224 796 354 850 βῆναι
385 793 448 844 εἷς
477 794 712 849 Αἴγυπτον
745 794 894 837 ἔνθεν·
936 789 996 835 ῶν
1036 795 1107 835 καὶ
1137 791 1192 834 τὰ
1231 801 1421 847 μνημεῖα
1450 795 1575 847 μέχρι
1606 794 1678 834 νῦν
1709 790 1753 833 έν
1783 791 1887 848 τῇδε

224 864 277 918 τῇ
300 863 485 918 πολίχνῃ
518 862 737 904 δείκνυται
767 861 884 903 πάνυ
915 862 1048 916 καλῆς
1077 859 1310 914 μαρμάρου
1341 861 1415 902 καὶ
1445 861 1692 916 φιλοτίμως
1714 859 1888 914 εἴργασ-

173 958 180 967 .
226 931 349 982 μένα.
401 929 620 972 δείκνυται
651 928 693 970 δ’
720 928 809 971 ἀπὸ
835 929 1028 970 σταδίων
1060 928 1108 978 ἓξ
1136 930 1213 969 τοῦ
1236 924 1394 977 ἄστεος
1414 930 1671 982 τερέβινθος
1691 931 1886 984 μεγίστη,

226 998 298 1038 καὶ
331 998 443 1052 φασὶ
474 996 522 1039 τὸ
558 996 735 1051 δένδρον
767 992 856 1038 ἀπὸ
890 998 967 1053 τῆς
999 1000 1181 1044 κτίσεως
1212 998 1338 1050 μέχρι
1368 996 1441 1036 νῦν
1474 995 1708 1048 διαμένειν.
1759 993 1887 1036 ἔνθεν

227 1061 248 1105 ὅ
281 1067 430 1118 Σίμων
472 1063 622 1117 ε’χώρει
661 1063 734 1107 διὰ
775 1064 922 1121 πάσης
961 1066 1036 1120 τῆς
1069 1054 1337 1116 Ἰδουμαίας,
1377 1057 1425 1103 οὗ
1466 1061 1599 1115 μόνον
1637 1061 1785 1116 κώμας
1815 1062 1887 1104 καὶ

227 1130 381 1180 πόλεις
419 1134 629 1185 πορθῶν,
670 1132 985 1186 λυμαινόμενος
1033 1131 1079 1173 δὲ
1116 1133 1189 1174 καὶ
1227 1129 1304 1187 τὴν
1339 1128 1505 1184 χώραν·
1546 1129 1645 1182 δίχα
1682 1128 1763 1184 γὰρ
1801 1130 1888 1171 τῶν

227 1195 422 1241 ὁπλιτῶν
459 1202 669 1252 τέσσαρες
709 1194 828 1255 αἰτῶ
869 1203 1128 1241 συνείποντο
1167 1197 1395 1254 μυριάδες,
1436 1195 1494 1247 ῶς
1531 1197 1641 1254 μηδὲ
1672 1198 1758 1238 τῶν
1791 1195 1889 1237 ἑπι-

226 1266 411 1323 τηδείων
450 1266 744 1318 ἐξαρκούντων
782 1265 895 1322 πρὸς
935 1265 982 1309 τὸ
1033 1267 1223 1318 πλῆθος.
1292 1267 1462 1322 προσῆν
1503 1265 1549 1306 δὲ
1588 1272 1685 1314 ταῖς
1719 1267 1889 1318 χρείαις

227 1328 401 1390 ώμότης
421 1350 468 1375 τε
491 1329 624 1376 αὐτοῦ
644 1334 846 1388 καὶπρὸς
867 1333 915 1376 τὸ
940 1337 1062 1389 γένος
1093 1329 1210 1390 ὀργή,
1246 1327 1303 1375 δι’
1328 1332 1353 1373 ἃ
1375 1333 1542 1387 μᾶλλον
1565 1331 1889 1389 ἐξερημοῦσθαι

229 1404 455 1455 συνέβαινε
485 1400 562 1456 τὴν
588 1397 849 1455 Ἰδουμαίαν.
910 1400 1118 1454 καθάπερ
1152 1401 1198 1442 δὲ
1228 1397 1316 1442 ὑπὸ
1358 1402 1446 1441 τῶν
1478 1395 1668 1453 ἀκρίδων
1698 1398 1888 1440 κατόπιν

227 1462 331 1524 ῧλην
364 1468 481 1510 ἔστιν
514 1467 622 1510 ἰδεῖν
655 1467 932 1524 ἐψιλωμένην
963 1470 1134 1519 πᾶσαν,
1168 1463 1281 1510 ου’τω
1313 1466 1361 1509 τὸ
1395 1467 1505 1509 κατὰ
1538 1466 1675 1509 νώτου
1705 1480 1781 1523 της
1811 1467 1887 1506 Σί-

228 1552 373 1588 μωνος
405 1538 613 1589 στρατιᾶς
653 1535 810 1592 ἐριμὶα
849 1536 1032 1577 κατελεί
1033 1548 1155 1577 εετο·
1195 1537 1267 1577 καὶ
1298 1534 1353 1576 τὰ
1383 1535 1462 1589 μὲν
1494 1533 1804 1613 ἐμπιπρῶντες
1833 1549 1888 1574 τα

226 1602 272 1644 δὲ
302 1603 703 1654 κατασκάπτοντες,
745 1605 834 1645 πᾶν
865 1603 912 1644 δὲ
942 1601 990 1644 τὸ
1023 1618 1220 1659 πεφυκός
1251 1619 1335 1644 ανα
1365 1601 1440 1659 τὴν
1468 1601 1613 1680 χώραν
1643 1595 1669 1657 ἢ
1700 1616 1878 1655 συμπα-

225 1671 399 1719 τοῦντες
435 1665 648 1726 ἠφάνιζον
685 1663 712 1725 ἡ
752 1673 983 1723 νειιόμενοι
1020 1671 1092 1711 καὶ
1130 1668 1207 1725 τὴν
1249 1668 1421 1724 ἐνεργὸν
1459 1666 1547 1711 υπὸ
1585 1671 1661 1726 τῆς
1701 1670 1887 1722 πορείας

227 1737 517 1793 σκληροτέραν
559 1736 740 1779 ἐποίουν
778 1739 855 1792 τῆς
897 1732 1120 1790 ακάρποτ,
1160 1735 1358 1777 καθόλου
1388 1752 1435 1778 τε
1467 1736 1628 1789 ειπεῖν,
1670 1731 1768 1778 ουδὲ
1808 1750 1884 1791 ση-

226 1804 350 1857 μεῖόν
381 1821 423 1846 τι
453 1805 736 1846 κατελείπετο
767 1813 861 1853 τοῖς
893 1805 1223 1858 πορθουμένοις
1253 1805 1331 1844 τοῦ
1360 1806 1593 1857 γεγονέναι.

339 2028 879 2072 PAMLVRGLatHegesippus
904 2028 952 2062 IV
979 2030 1019 2061 23
1044 2037 1078 2069 p.
1106 2028 1184 2060 258.

343 2101 353 2130 1
385 2096 434 2137 δὲ]
460 2093 500 2141 δὴ
527 2095 702 2130 Destinon
793 2091 969 2139 α’ναιμοτί
994 2094 1028 2126 Α
1119 2096 1138 2127 2
1164 2089 1354 2129 ἅδοκίτωσ
1372 2092 1398 2127 C
1492 2093 1695 2135 TLQQJ'covL
1787 2092 1884 2139 αἴρει

225 2152 424 2187 PAMVRC
451 2152 549 2199 αἱρεῖ
572 2152 601 2186 L
761 2152 954 2197 πολίχνην]
980 2147 1091 2185 πόλιν
1114 2149 1210 2184 VRC
1362 2152 1380 2182 3
1405 2146 1600 2194 ἐκράτησε,
1627 2163 1648 2195 ρ
1673 2159 1716 2183 ex
1739 2163 1766 2193 μ
1792 2160 1882 2185 corr.

225 2209 295 2242 uid.
321 2210 353 2242 A
490 2203 670 2252 πάμπολυ
693 2207 801 2242 PA¹C
916 2209 936 2239 4
961 2203 1136 2252 ἐγχώριοι
1161 2205 1198 2239 M
1314 2208 1332 2238 5
1359 2199 1463 2250 αὐτῇ]
1489 2199 1581 2250 αὕτη
1604 2204 1633 2238 L
1738 2208 1758 2239 6
1783 2219 1883 2252 τρια-

224 2263 349 2307 κόσια]
382 2263 589 2310 τριάκοντα
622 2264 683 2298 Rc
821 2264 1074 2308 συνηρίθμητο
1108 2261 1201 2296 VRO
1346 2265 1363 2294 7
1399 2256 1578 2306 ἂβριὲμου
1609 2260 1709 2294 ΡΑΜ
1739 2256 1884 2307 ἅβραά-

224 2334 297 2365 μου
323 2321 348 2355 C
486 2324 550 2366 τῆς
574 2331 642 2355 om.
668 2320 698 2354 L
835 2321 854 2353 8
880 2318 968 2359 τούς
991 2321 1044 2360 τε]
1069 2314 1161 2354 τοὺσ
1185 2313 1222 2352 δὲ
1250 2316 1280 2350 L
1417 2319 1436 2350 9
1462 2319 1537 2357 νῦν]
1563 2319 1631 2352 τοῦ
1655 2319 1720 2352 νῦν
1744 2317 1770 2351 C

229 2381 267 2411 10
293 2379 465 2423 πολίχνῃ]
491 2374 599 2412 πόλει
624 2377 653 2408 Α
802 2379 836 2409 11
867 2371 903 2410 δὲ
930 2373 1024 2408 VRC
1139 2370 1290 2413 ἄστεοσ,
1317 2384 1336 2406 o
1361 2382 1405 2406 ex
1430 2382 1520 2408 corr.
1547 2372 1577 2407 V
1691 2375 1731 2406 12
1761 2370 1882 2414 ἔνθεν]

226 2429 313 2469 ἔνθε
344 2434 392 2466 A¹
423 2433 464 2468 ἐν
495 2432 542 2466 R¹
678 2432 701 2467 i.
726 2441 835 2474 marg.
867 2430 924 2475 λβ’
959 2430 985 2464 C
1124 2432 1163 2463 13
1195 2424 1252 2464 διὰ
1277 2423 1403 2473 ποξσησ
1438 2424 1571 2474 ἐχώρει
1596 2433 1640 2462 tr.
1665 2427 1792 2463 LVRC

224 2488 425 2533 ἰδουμαίασ
449 2499 493 2523 ex
517 2488 688 2524 ίουδαιάσ
712 2498 802 2523 corr.
827 2487 861 2520 A
995 2482 1122 2529 κόμασ
1147 2485 1173 2519 O
1291 2487 1332 2517 14
1364 2478 1738 2528 λυμαινόμενόμενοσ
1763 2484 1789 2519 C

225 2547 303 2580 τῶν
327 2555 394 2579 om.
420 2544 477 2579 PC
594 2548 633 2578 15
660 2539 711 2586 ὡς
735 2564 776 2568 -
805 2546 843 2577 16
869 2544 1015 2588 πλῆθος
1038 2552 1072 2575 u.
1094 2545 1134 2575 14
1158 2542 1240 2585 post
1262 2537 1393 2585 χώραν
1416 2541 1460 2573 tr.
1479 2539 1622 2573 Bekker
1717 2543 1755 2574 16
1778 2538 1883 2587 ἐξαρ-

225 2600 407 2641 κούντων]
440 2598 610 2646 ἐξαρκεῖν
641 2599 855 2644 δυναμένων
879 2598 917 2631 Μ
1057 2600 1095 2631 17
1133 2592 1231 2642 πρὸς
1261 2592 1305 2630 τὸ
1338 2593 1447 2640 γένος
1471 2605 1539 2629 om.
1564 2595 1634 2629 Lat
1768 2591 1818 2631 δι’
1843 2592 1880 2638 δι’]

225 2652 282 2691 διὸ
308 2655 338 2689 L
467 2655 750 2701 ἐξερημοῦσθαι,
774 2654 856 2700 ἐξερ
881 2663 924 2688 ex
948 2652 991 2698 ἐρ
1016 2662 1105 2687 corr.
1129 2652 1169 2686 M
1307 2653 1347 2685 18
1373 2648 1408 2686 δ’
1434 2652 1463 2684 L
1584 2648 1659 2687 ὑπὸ
1683 2651 1766 2686 eicit
1790 2652 1879 2686 Her·

225 2712 365 2745 werden
504 2715 544 2745 19
569 2709 628 2753 τὸ]
653 2714 707 2748 τῶ
730 2722 773 2746 ex
798 2721 889 2745 corr.
914 2711 947 2743 A
1060 2710 1134 2753 τῆς]
1159 2709 1227 2743 τοῦ
1251 2706 1279 2740 Ρ
1418 2709 1459 2740 20
1485 2705 1755 2753 ἐμπιπρῶντες]
1780 2707 1882 2741 ΡΑΜ

225 2766 509 2811 ἐμπιμπράντεσ
533 2767 598 2802 LR
622 2772 657 2802 et
681 2778 725 2802 ex
749 2778 841 2802 corr.
867 2766 900 2801 V
923 2761 1181 2810 ἐμπιπράντεσ
1205 2762 1282 2798 V¹C
1421 2766 1459 2796 21
1488 2761 1668 2805 πεφυκώσ
1691 2763 1770 2797 PA²

227 2826 268 2858 22
302 2824 444 2868 πορίασ
476 2824 554 2857 PA²
703 2822 903 2859 ἐποιοῦντο
938 2821 966 2855 Ρ
1110 2823 1151 2854 23
1185 2815 1280 2860 οὐδὲ]
1314 2814 1400 2854 οὔτε
1430 2816 1598 2852 PAMVR
1734 2821 1777 2853 24
1802 2821 1882 2860 τοῦ]

224 2876 379 2915 τούτοισ
403 2882 470 2915 τοῦ
497 2879 559 2912 PA

1920 866 1955 898 10

1919 1202 1956 1235 15

1919 1541 1956 1573 20
