2018 3236
232 155 312 192 606
626 152 691 186 DE
716 150 874 185 BELLO
899 150 996 186 mn.
1021 150 1089 185 vu
1116 153 1291 185 275-283
1315 152 1388 193 (vm
1415 157 1442 183 2.
1469 155 1500 194 3)

233 265 459 308 ῙΙῙασάδαν
500 267 720 318 σικαρίους
752 259 773 304 ὁ
808 264 893 304 τῶν
919 259 1141 315 Ῥωμαίων
1180 261 1419 343 στρατηγός
1457 258 1532 319 ἧκε
1569 262 1648 313 τὰς
1679 264 1884 319 δυνάμεις

233 331 366 388 α’γων
407 333 476 373 καὶ
508 332 584 384 τῆς
612 329 690 383 μὲν
717 329 863 384 χώρας
895 326 1072 385 ἁπάσης
1111 324 1246 379 εὐθὺς
1286 328 1455 384 ἐκράτει
1491 330 1687 386 φρουρὰς
1718 330 1761 374 ἐν
1791 342 1883 383 τοῖς

121 403 200 442 276
234 396 587 452 ἐπικαιροτάτοις
628 395 757 451 αὐτῆς
795 398 972 451 μέρεσιν
1013 392 1357 451 εγκαταστήσας,
1397 406 1539 450 τεῖχος
1571 397 1616 440 δὲ
1646 401 1882 454 περιέβαλε·

228 465 364 519 κίκλιιι)
396 464 495 517 περὶ
530 465 619 505 πᾶν
649 462 697 505 τὸ
731 463 955 519 φρούριον,
987 462 1111 513 ὅπως
1141 464 1292 520 μηδενὶ
1323 465 1410 506 τῶν
1441 465 1823 520 πολιορκουμένων
1852 465 1878 524 ιη’

125 537 202 574 277
235 532 384 588 ῥᾳδιοι»
417 531 664 586 διαφιγεῖν,
700 532 772 573 καὶ
805 530 999 584 διανέμει
1029 530 1131 580 τοίς
1162 529 1449 588 φυλάξοντας.
1511 528 1641 582 αὐτὸς
1672 533 1718 575 δὲ
1748 550 1881 576 κατα-
1912 545 1930 575 5

230 597 569 653 στρατοπεδεύει
599 596 738 639 τόπον
770 594 828 647 ὥς
858 597 935 652 μὲν
968 596 1080 652 πρὸς
1110 596 1188 654 τὴν
1219 598 1480 653 πολιορκίαν
1520 598 1881 656 ἐπιτηδειότατον

227 665 431 719 ἐκλαβών,
462 660 568 706 καθ’
596 663 644 706 ὂν
667 665 712 707 αἱ
742 667 820 706 τοῦ
851 668 1065 721 φρουρίου
1096 668 1257 718 πέτραι
1287 667 1348 721 τιιῦ
1380 666 1571 723 πλησίον
1603 663 1695 721 ὄρει
1727 667 1880 746 σιυνηγ-

118 737 196 777 278
228 733 357 788 γιζον,
391 729 533 781 άλλως
565 731 611 774 δὲ
641 748 754 784 προς
785 727 1011 788 ἀφθονίαν
1042 734 1129 774 τῶν
1162 731 1423 789 ἐπιτηδείων
1456 729 1685 776 δύσκολον·
1719 730 1767 777 οὗ
1798 734 1880 791 γὰρ

227 817 250 855 η
283 815 423 855 τροφη
456 798 590 852 μόνον
626 798 863 854 πόρρωθεν
905 798 1125 853 ἐκομίζετο
1165 801 1236 842 καὶ
1277 798 1355 842 σὺν
1393 800 1556 857 μεγάλη
1597 802 1882 880 ταλαιπωρίᾳ

227 868 312 908 τῶν
344 865 418 908 ἐπὶ
450 868 579 908 τοῦτο
610 869 881 922 τεταγμένων
907 863 1152 919 Ἰοιδαίων,
1187 862 1297 908 ἀλλὰ
1329 869 1400 909 καὶ
1431 867 1479 910 τὸ
1513 867 1653 910 ποτὸν
1684 866 1735 924 ἠν
1767 864 1881 947 όιγιό-
1912 877 1947 910 10

227 950 353 988 γιμον
387 931 464 989 [εἷς
494 933 542 975 τὸ
576 933 891 990 στρατόπεδον]
922 936 998 976 τοῦ
1028 934 1169 976 τόπου
1200 934 1418 990 μηδεμίαν
1450 933 1570 990 ἐγγυς
1601 935 1743 992 πηγὴν
1775 932 1881 979 ἂνα-

116 1006 194 1045 279
228 999 437 1050 διδόντος.
487 996 611 1043 ταῦτ’
639 991 713 1044 οὖν
744 1001 1236 1058 προοικονομησάμενος
1257 999 1277 1044 ὁ
1302 1002 1464 1055 Σίλβας
1495 1001 1569 1045 ἐπὶ
1599 1001 1675 1060 τὴν
1696 1004 1881 1059 πολιορ-

225 1072 321 1110 κιάν
355 1067 568 1121 ἐτράπετο
600 1069 766 1124 πολλῆς
798 1068 1113 1125 ἐπιτεχνήσεως
1134 1071 1204 1112 καὶ
1227 1071 1537 1124 ταλαιπωρίας
1569 1070 1775 1126 δεομένην
1806 1069 1878 1113 διὰ

223 1134 300 1191 τὴν
331 1134 570 1191 ὀχυρότητα
601 1137 678 1177 τοῦ
710 1139 923 1192 φρουρίου
955 1136 1127 1178 τοιοῦδε
1157 1135 1233 1191 τὴν
1265 1134 1398 1192 φύσιν
1429 1134 1723 1191 ὑπάρχοντος·

113 1207 191 1246 280
337 1206 373 1245 3.
413 1205 589 1258 Πέτραν
621 1198 695 1244 οὐκ
726 1200 873 1259 ὀλίγην
903 1205 957 1259 τιν’
987 1203 1183 1259 περιόδῳ
1222 1205 1292 1246 καὶ
1332 1207 1467 1260 μῆκος
1505 1202 1680 1262 ὑψηλὴν
1710 1221 1879 1247 παντα-
1912 1214 1946 1246 15

223 1269 359 1323 χόθεν
397 1269 719 1325 περιερρώγασι
756 1273 944 1324 βαθεῖαι
984 1270 1203 1327 φάραγγες
1242 1271 1443 1314 κάτωθεν
1476 1271 1522 1322 ἐξ
1552 1268 1742 1327 ἀοράτου
1784 1274 1880 1326 τέρ-

226 1353 364 1390 ματος
394 1337 660 1394 κρημνώδεις
680 1339 752 1380 καὶ
774 1337 895 1393 πάσῃ
917 1336 1046 1391 βάσει
1070 1337 1190 1393 ζῴων
1223 1334 1475 1392 ἀπρόσιτοι,
1509 1339 1623 1395 πλὴν
1645 1334 1749 1382 ὅσον
1769 1337 1878 1381 κατὰ

115 1411 191 1450 281
228 1403 305 1446 δύο
334 1403 500 1454 τόπους
529 1407 605 1461 τῆς
637 1407 802 1484 πέτρας
833 1404 894 1454 εἷς
928 1401 1084 1446 ἄνοδον
1121 1401 1195 1447 οὐκ
1227 1403 1389 1463 εὐμαρῆ
1421 1406 1726 1463 παρεικούσης.
1787 1405 1881 1449 ἔστι

229 1471 274 1512 δὲ
303 1473 390 1514 τῶν
421 1468 581 1514 ὁδῶν
559 1489 583 1528 η
605 1472 684 1525 μὲν
716 1468 755 1512 ά
747 1470 804 1513 τὸ
832 1487 909 1528 της
934 1467 1275 1528 Ἀσφαλτίτιδος
1307 1474 1458 1529 λίμνης
1488 1473 1600 1526 πρὸς
1630 1469 1753 1531 η’λιον
1785 1470 1879 1516 ἆνί-

114 1545 193 1584 282
227 1552 405 1590 σχοντα,
443 1540 517 1580 καὶ
548 1538 683 1580 πάλιν
725 1534 813 1580 απὸ
846 1540 922 1593 τῆς
954 1538 1117 1588 δόσεως
1148 1558 1172 1596 ιη
1207 1541 1311 1596 ῥιιῖοι
1351 1543 1641 1598 πορευθῆναι.
1700 1541 1880 1583 καλοῦσι
1909 1551 1945 1583 ’20

226 1604 273 1646 δὲ
293 1622 370 1661 την
392 1604 541 1660 ετέραν
565 1602 682 1662 ὅφιν,
713 1608 766 1662 τῇ
790 1605 1015 1662 στενότητι
1045 1608 1417 1661 προσεικάσαντες
1442 1610 1512 1651 καὶ
1535 1617 1628 1657 τοῖς
1659 1611 1877 1660 συνεχέσιν

227 1671 440 1727 ελιγμοῖς
480 1673 637 1715 κλᾶται
665 1671 746 1727 γὰρ
778 1675 879 1726 περὶ
911 1672 990 1722 τὰς
1020 1676 1105 1716 τῶν
1144 1676 1343 1737 κρημνῶν
1381 1674 1531 1728 ἐξοχας
1561 1677 1633 1718 καὶ
1664 1674 1877 1725 πολλάκις

226 1755 287 1788 εις
320 1736 452 1795 αυτὴν
485 1737 779 1795 ἀνατρέχουσα
811 1742 882 1782 καὶ
912 1739 1021 1781 κατὰ
1051 1739 1206 1795 μικρὸν
1239 1739 1372 1791 αυθις
1403 1741 1718 1798 εκμηκινομένη
1749 1742 1877 1796 μόλις

113 1813 194 1853 283
228 1810 363 1860 ψαύει
392 1808 467 1848 τοῦ
499 1806 668 1858 πρόσω.
729 1806 795 1848 δεῖ
826 1806 871 1848 δὲ
902 1806 1138 1861 παραλλὰξ
1170 1807 1245 1850 τὸν
1278 1803 1337 1850 δι
1375 1803 1506 1865 αἰτης
1535 1808 1770 1862 βαδίζοντα
1800 1807 1875 1850 τὸν

336 1995 565 2031 PAMLVRC
576 1996 645 2030 Lat
661 1996 818 2031 Zonaras
843 1996 859 2030 I
883 2007 917 2041 p.
945 2000 1020 2030 558.

338 2055 351 2085 1
379 2051 530 2095 μασιῖδα
556 2053 587 2085 Λ
611 2049 784 2095 μάσαδαν
809 2052 834 2085 C
927 2046 1003 2097 ἧκε]
1028 2047 1119 2099 ἦκτο
1146 2053 1238 2087 PAL
1265 2050 1346 2089 ἷκτο
1372 2054 1410 2088 Μ
1526 2057 1544 2088 2
1570 2052 1757 2101 φρουράσ,
1782 2051 1804 2090 ὰ
1831 2064 1874 2089 ex

223 2113 261 2143 οῖ
284 2110 346 2142 aut
371 2113 411 2143 αῖ
434 2118 524 2142 corr.
543 2108 570 2142 P
709 2112 792 2142 ante
815 2108 856 2143 ἐν
881 2118 1021 2143 erasum
1038 2112 1059 2143 δ
1074 2109 1101 2142 Ρ
1231 2113 1250 2144 3
1269 2105 1391 2155 αὐτῆς]
1419 2106 1551 2146 cci-tolo
1567 2112 1600 2144 A
1713 2109 1874 2154 μέρεσιν,

228 2179 247 2209 ρ
272 2173 315 2197 ex
340 2166 359 2197 λ
383 2173 473 2197 corr.
500 2164 532 2195 A
636 2167 655 2198 5
679 2166 742 2199 καὶ
767 2184 809 2188 -
835 2162 1079 2209 φυλάξοντας]
1105 2169 1215 2210 utque
1245 2165 1411 2200 custodes
1436 2171 1716 2210 perseuerarent
1740 2165 1809 2200 Lat

224 2219 396 2262 διανέμει]
421 2219 606 2262 διαμένειν
629 2219 797 2254 VRCLat
934 2218 1173 2265 φυλάξαντασ
1197 2222 1229 2254 A
1254 2218 1504 2266 φυλάξαντασ,
1529 2234 1576 2256 αν
1600 2231 1642 2256 ex
1667 2232 1757 2256 corr.
1784 2221 1815 2256 V

224 2280 242 2308 b·
273 2272 403 2315 τόπον]
430 2274 499 2310 τὸν
525 2272 647 2310 τόπον
670 2275 700 2308 L
794 2279 810 2308 7
836 2274 1063 2320 καταλαβών
1086 2276 1300 2311 Herwerden
1416 2280 1434 2311 9
1458 2275 1556 2323 μόνη
1580 2277 1647 2311 VR
1750 2280 1873 2313 ταλαι-

220 2329 335 2375 πορία
361 2330 387 2363 Ρ
490 2333 528 2365 10
555 2333 680 2372 τοῦτο]
706 2329 827 2367 τούτω
853 2332 925 2365 MR
949 2336 984 2366 et
1008 2343 1051 2366 ex
1075 2343 1166 2368 corr.
1194 2332 1219 2366 C
1245 2330 1385 2368 τούτω·
1415 2333 1445 2366 V
1554 2337 1589 2367 11
1618 2333 1669 2375 εἰς
1694 2331 1738 2369 τὸ
1764 2346 1874 2379 στρα-

222 2380 383 2421 τόπεδον
407 2397 472 2420 om.
499 2385 526 2419 P
669 2389 706 2420 12
732 2390 847 2422 ταῦτα
874 2387 939 2422 VR
1076 2386 1498 2435 προοικονομισάμενοσ
1523 2389 1556 2425 R
1676 2390 1825 2434 σίλβασ,
1847 2392 1874 2435 β

223 2442 340 2485 suppl.
365 2441 396 2475 L
499 2445 537 2476 13
563 2445 683 2487 πολῆσ
708 2442 740 2476 R
854 2443 1034 2489 δεομένησ
1057 2450 1092 2485 (o
1115 2454 1228 2488 paene
1252 2455 1342 2479 eras.
1367 2445 1412 2486 A)
1437 2445 1530 2479 PAL
1647 2447 1688 2479 14
1713 2447 1870 2486 τοιοῦδε]

223 2494 400 2532 τοιούτου
425 2497 462 2532 δὲ
487 2499 517 2530 Α
637 2502 676 2532 16
702 2496 971 2545 περιερρόγασι
997 2501 1028 2533 Α
1165 2497 1351 2541 κάτωθεν]
1375 2503 1438 2536 καὶ
1462 2498 1637 2537 κάτωθεν
1661 2501 1762 2535 PLat

221 2547 404 2597 αόράτου,
430 2565 473 2587 ου
498 2553 520 2586 i.
546 2563 615 2587 ras.
643 2556 729 2588 2—3
747 2554 814 2589 litt.
840 2565 884 2589 m.
904 2558 922 2588 2
941 2555 972 2590 V
1045 2559 1084 2589 17
1109 2553 1350 2602 κρημνώδεις]
1373 2553 1607 2602 κρημνώδεισ
1624 2554 1656 2591 δ’
1682 2553 1762 2592 ὁδοὶ
1781 2557 1806 2591 C

226 2610 263 2641 18
290 2606 411 2643 τόπου
436 2608 468 2642 R
493 2603 660 2653 τρόπους
683 2610 791 2643 uertit
814 2609 883 2643 Lat
980 2608 1138 2656 εὐμαρεῖ
1159 2613 1191 2645 Α
1279 2615 1318 2647 19
1344 2609 1364 2657 ἡ
1389 2612 1458 2656 μὲν
1481 2614 1558 2648 τῶν
1584 2608 1682 2648 ὁδῶν
1706 2616 1749 2647 tr.
1777 2613 1803 2646 P

220 2659 319 2698 ὁδῶν
342 2663 485 2697 iterauit
509 2663 557 2697 V¹
627 2664 808 2707 asfaltidz's
832 2665 907 2699 cod.
934 2666 1014 2701 Vat.
1040 2667 1108 2700 Lat
1178 2671 1218 2702 20
1243 2671 1305 2704 καὶ
1327 2687 1374 2693 -
1397 2671 1639 2715 πορευθῆναι]
1663 2672 1696 2702 et
1719 2669 1870 2704 alteram

218 2719 261 2753 ab
288 2718 465 2753 occidente
488 2719 638 2762 facilius
662 2719 842 2754 ambulari
864 2720 933 2755 Lat
1070 2719 1175 2767 ῥάων
1199 2723 1260 2758 VR
1380 2727 1417 2759 21
1446 2722 1749 2771 παρεικάσαντεσ
1773 2724 1802 2757 L

218 2776 259 2808 22
284 2772 453 2819 ἐλιγμοϊσ
478 2773 677 2808 AMLVRC
791 2775 960 2820 κρημνὸν
984 2777 1010 2811 C
1102 2781 1142 2812 23
1174 2776 1287 2824 αὐτὴν
1319 2780 1474 2816 PALVC
1578 2776 1869 2827 ἀναστρέφουσα

217 2829 416 2864 PAMVRC
441 2835 624 2864 reuertens
641 2829 710 2863 Lat
823 2832 866 2864 24
883 2833 938 2866 δεῖ
953 2852 993 2855 —
1007 2843 1042 2876 p.
1059 2836 1152 2874 607‚1
1174 2832 1394 2880 ἐρείδεσθαι]
1412 2846 1565 2881 namque
1588 2836 1739 2870 mutanti
1763 2835 1869 2870 uesti-

215 2885 314 2929 qium
332 2894 473 2919 necesse
497 2889 548 2919 est
570 2883 661 2930 pede
685 2885 796 2919 altero
823 2887 888 2920 m‘ci
911 2886 982 2921 Lat
1073 2887 1249 2933 παραλὰξ
1270 2890 1298 2923 P
