2039 3251
547 110 612 144 DE
638 108 796 144 BELLO
825 108 920 144 IUD.
946 109 996 144 IV
1021 110 1195 144 335-341
1224 110 1258 150 (V
1286 111 1317 151 4)
1680 107 1759 144 391

107 241 194 268 νειν
216 226 489 279 προθέμενοι
511 227 735 278 Ζαχαρίαν
757 223 851 266 υἱὸν
877 223 1055 278 Βάρεις·
1089 221 1317 276 παρώξυνε
1340 221 1384 263 δὲ
1409 216 1566 271 αὖτοὺς
1591 219 1639 263 τι)
1664 221 1763 263 2ίαν

105 288 291 346 τάνδρὸς
319 290 623 347 μισοπόνηρον
653 293 725 334 καὶ
757 290 1092 347 φιλελεύθερον
1130 288 1181 343 ἠν
1214 289 1257 331 δὲ
1289 291 1360 332 καὶ
1394 288 1619 340 π2οόσιος,
1651 283 1762 331 ω’στε

105 359 162 414 μη
203 359 337 414 μόνον
369 358 562 410 ἐλπίζειν
591 356 669 411 τὴν
701 356 902 413 ἁρπαγὴν
938 361 1015 416 τῆς
1048 354 1222 408 οἰσίας,
1265 352 1375 399 αλ2ὰ
1414 358 1486 399 καὶ
1529 371 1764 414 προσαπο-

109 426 405 470 σκευάσεσθαι
437 425 622 469 δυνατὸν
654 423 897 480 ἄνθρωπον
930 425 991 475 εἷς
1030 424 1107 481 την
1139 421 1280 467 αι’-τῶν
1310 424 1569 467 κατάλυσιν·
1611 439 1766 480 συγκα-

59 503 77 534 5
106 495 231 537 λοῦσι
261 495 339 549 μὲν
372 494 418 545 ἐξ
446 493 744 549 ἐπιτάγματος
775 492 1074 550 ἑβδομήκοντα
1104 494 1190 534 τῶν
1229 491 1272 533 ἒν
1310 493 1424 535 τέλει
1464 492 1665 549 δημοτῶν
1705 491 1768 542 εἷς

39 841 75 874 10

37 1179 74 1212 15

38 1518 76 1551 20

106 562 155 604 τὸ
186 562 316 618 ἱερόν,
347 565 608 617 περιθέντες
641 557 680 603 δἱ
718 557 866 611 αὐτοῖς
897 560 1046 614 ὥσπερ
1079 559 1151 601 ἐπὶ
1187 561 1342 615 σκηνῆς
1374 561 1515 615 σχῆμα
1548 560 1766 602 δικαστῶν

107 629 175 686 Ξρι
187 647 265 672 ιιον
288 629 488 680 ἑξουσιας
508 631 584 671 τοῦ
607 631 827 682 Ζαχαρίου
850 627 1127 684 κατηγόρουν,
1155 623 1214 676 ῶς
1237 626 1425 684 ἐνδιδοίι
1449 626 1502 669 τὰ
1527 627 1635 683 τράρ
1636 644 1767 681 ιιιατα

101 694 331 752 Ῥωμαίοις
369 699 438 740 καὶ
478 698 581 752 περὶ
622 695 865 750 προδοσίας
905 695 1214 747 διαπέμψαιτο
1255 694 1367 747 πρὸς
1413 691 1766 738 Οιεσιτασιανόν.

106 763 157 822 ην
194 766 240 808 δὲ
274 762 368 807 οὶτ’
403 763 572 819 ἔλεγχός
602 779 669 813 τις
704 765 790 804 τῶν
821 765 1204 818 κατηγορουμένων
1237 759 1336 803 οότε
1366 778 1618 817 τεκιιιριον,
1660 757 1756 804 αλ2’

106 832 231 876 αι’-τοὶ
272 835 523 875 πεπεῖσθαι
561 832 703 907 καλῶς
742 830 912 886 Ξφασαν
951 830 1020 871 καὶ
1062 824 1183 871 τοῦτ)
1220 826 1372 871 εἶναι
1364 833 1518 871 πίστιν
1548 846 1625 885 τις
1657 825 1763 887 α2η-

105 904 238 950 θείας
275 896 436 957 ηξίουν.
496 894 520 941 ὅ
557 915 605 954 γε
642 897 727 953 μὴν
758 901 983 951 Ζαχαρίας
1014 894 1201 939 συνιδών
1231 896 1449 953 μηδεμίαν
1482 895 1599 952 αι’-τῷ
1630 914 1763 939 κατα-

107 969 369 1025 λειπομένην
387 970 605 1023 σωτηρίας
622 963 795 1017 macida,
817 966 1057 1022 κεκλῆσθαι
1074 963 1156 1020 γὰρ
1173 959 1270 1006 κατ’
1298 963 1474 1017 ἐνέδραν
1497 963 1559 1013 εἷς
1583 964 1764 1022 εἱρκτήν,

107 1031 181 1077 οἰκ
204 1034 279 1078 ἐπὶ
311 1033 601 1089 δικαστήριον,
634 1031 876 1089 ἐποιήσατο
907 1031 984 1089 τὴν
1013 1033 1091 1073 τοῦ
1123 1030 1195 1086 ζῆν
1227 1027 1482 1086 ἀπόγνωσιν
1514 1027 1589 1073 οὐκ
1621 1028 1766 1086 ἀπαρ-

110 1107 366 1158 ρησίαστον,
414 1097 526 1144 ἀλλὰ
570 1098 790 1149 καταστὰς
832 1098 880 1142 τὸ
928 1100 1007 1153 μὲν
1044 1098 1245 1142 πιθανὸν
1281 1101 1369 1141 τῶν
1407 1103 1767 1156 κατηγορημένων

108 1169 355 1223 διεχλεύασε
392 1171 465 1212 καὶ
502 1167 576 1211 διὰ
612 1170 809 1223 βραχέων
848 1162 1101 1209 ἀπελύσατο
1139 1166 1218 1217 τὰς
1249 1165 1574 1224 ἐπιφερομένας
1605 1168 1766 1219 αἰτίας.

107 1236 262 1280 ἔπειτα
301 1236 347 1279 δὲ
377 1235 454 1279 τὸν
484 1234 611 1291 λόγον
643 1235 706 1285 εἷς
735 1233 836 1285 τούς
866 1234 1132 1291 κατηγόρους
1158 1230 1458 1291 ἀποστρέψας
1488 1235 1584 1293 ἑξῆς
1615 1236 1766 1287 πάσας

107 1300 249 1347 αὐτῶν
271 1303 432 1360 διεξῄει
451 1302 531 1353 τὰς
550 1306 834 1360 παρανομίας
854 1304 927 1344 καὶ
951 1301 1097 1345 πολλὰ
1118 1304 1222 1357 περὶ
1244 1305 1321 1358 τῆς
1353 1303 1596 1359 συγχύσεως
1625 1321 1766 1347 κατω-

106 1371 329 1429 λοφύρατο
351 1373 438 1414 τῶν
458 1371 744 1427 πραγμάτιον.
797 1370 838 1412 οἷ
862 1369 1049 1427 ζηλωταὶ
1073 1366 1114 1412 δ)
1142 1369 1387 1425 ἐθορύβουν
1416 1373 1488 1414 καὶ
1519 1371 1649 1425 μόλις
1679 1374 1766 1415 τῶν

106 1438 246 1496 ξιφῶν
285 1434 581 1494 ἀπεκράτουν,
621 1438 670 1482 τὸ
713 1440 855 1494 σχῆμα
894 1441 969 1482 καὶ
1007 1437 1085 1495 τὴν
1117 1438 1344 1493 εἰρωνείαν
1374 1441 1452 1481 τοῦ
1484 1439 1765 1497 δικαστηρίου

105 1510 230 1562 μέχρι
260 1507 411 1556 τέλους
441 1506 603 1556 παῖξαι
633 1505 1001 1563 προαιρούμενοι,
1034 1509 1107 1549 καὶ
1139 1503 1283 1556 ἄλλως
1312 1503 1527 1561 πειράσαι
1556 1508 1767 1558 θέλοντες

102 1573 204 1625 τοὺς
249 1573 476 1626 δικαστάς,
524 1573 563 1616 εἰ
607 1572 731 1629 παρὰ
773 1572 850 1616 τὸν
897 1569 1040 1618 αὐτῶν
1078 1574 1276 1617 κίνδυνον
1313 1574 1651 1632 μνησθήσονται
1688 1578 1767 1618 τοῦ

103 1642 287 1685 δικαίου.
351 1645 536 1698 φέρουσι
582 1641 628 1684 δὲ
673 1642 715 1684 οἵ
754 1641 1053 1697 ἑβδομήκοντα
1090 1644 1154 1698 τῷ
1192 1646 1430 1698 κρινομένῳ
1467 1641 1546 1693 τὰς
1587 1643 1767 1700 ψήφους

214 1753 447 1789 PAMLVRC
458 1753 758 1798 LatHegesippus
783 1753 833 1788 IV
860 1757 900 1788 10
926 1764 958 1797 p.
987 1756 1064 1788 241.

219 1813 233 1844 1
262 1810 520 1854 προσθέμενοι
538 1809 567 1844 V
590 1814 624 1844 et
648 1820 691 1844 ex
715 1820 807 1845 corr.
826 1809 853 1844 C
925 1807 1069 1856 Βάρεις]
1087 1810 1222 1845 PALat
1244 1813 1381 1857 βαρεῖσ
1397 1811 1465 1846 VR
1488 1809 1684 1858 βαρούχου
1700 1811 1767 1846 MC

101 1869 331 1914 βαρισκαίου
346 1866 376 1900 L
402 1871 437 1901 et
460 1867 481 1901 i.
506 1876 615 1910 marg.
634 1867 684 1909 M,
709 1865 804 1910 quod
827 1876 990 1910 magnam
1007 1867 1116 1902 habet
1138 1867 1292 1911 speciem
1316 1867 1392 1901 ueri
1470 1863 1506 1902 δ’
1530 1867 1590 1902 LC
1661 1870 1680 1902 2
1699 1870 1766 1903 τοῦ

103 1919 245 1969 οἷνδρὸσ
257 1923 324 1958 VR
392 1923 430 1959 δὲ
447 1933 476 1958 s.
490 1924 522 1956 A
591 1915 702 1964 ὥστε]
721 1921 776 1958 ὠσ
788 1922 821 1958 V
883 1926 902 1958 3
921 1920 1371 1970 προσαποσκευάσεσθαι]
1389 1923 1443 1958 ed.
1457 1934 1511 1968 pr.
1530 1927 1704 1958 remotum
1721 1925 1768 1958 iri

102 1979 174 2014 Lat
196 1976 632 2026 προσαποσκευάζεσθαι
666 1978 767 2014 codd.
861 1982 882 2013 4
905 1978 1049 2016 ἑαυτῶν
1072 1979 1102 2013 L
1197 1983 1216 2014 5
1239 1979 1320 2023 μὲν]
1349 1979 1379 2013 L
1405 1972 1472 2015 οὖν
1492 1979 1664 2021 PAVRO,
1695 1990 1763 2014 om.

101 2035 242 2071 MCLat
311 2032 583 2083 ἑβδομήκοντα]
611 2039 633 2070 ὃ
650 2035 679 2068 L
750 2038 961 2081 δημοτικῶν
977 2035 1007 2068 L
1032 2038 1214 2081 δημωτῶν
1231 2035 1257 2069 C
1333 2035 1385 2076 εἰς
1409 2032 1455 2070 τὸ
1475 2056 1515 2059 -
1536 2038 1555 2069 6
1573 2035 1709 2081 σχῆμα]
1727 2035 1766 2069 Μ

103 2090 330 2140 πρόσσχημα
347 2092 375 2126 Ρ
393 2091 450 2128 εἰσ
466 2091 512 2127 τὸ
531 2093 654 2136 σχῆμα
667 2091 827 2126 ALVRC
844 2093 962 2137 specie
978 2091 1049 2125 Lat
1065 2091 1118 2133 εἰς
1134 2094 1257 2136 σχῆμα
1272 2091 1427 2126 Dindorf
1442 2102 1485 2126 ex
1503 2092 1580 2126 cod.
1599 2092 1641 2126 L.
1659 2091 1700 2126 B.
1718 2105 1765 2137 γρ

103 2152 180 2184 τῶν
203 2149 245 2185 ἐν
269 2148 366 2185 τέλει
389 2151 562 2195 δημοτῶν
586 2148 643 2184 εἰσ
660 2146 704 2183 τὸ
724 2144 830 2194 ἱερὸν
858 2147 1082 2195 περιθέντεσ
1107 2142 1143 2182 δ’
1168 2143 1218 2189 (δ’
1236 2159 1303 2183 om.
1322 2148 1367 2189 A)
1391 2143 1525 2183 αὐτοῖο
1549 2141 1680 2193 ὥσπερ
1704 2145 1766 2183 ἐπὶ

103 2207 243 2252 σκηνῆσ
260 2208 383 2251 σχῆμα
400 2207 586 2240 δικαστῶν
611 2201 751 2250 ἔρημον
773 2204 951 2246 ἐξουσιάσ
975 2207 1042 2240 τοῦ
1067 2205 1250 2250 ζαχαρίου
1273 2205 1449 2250 (ζαχαρία
1468 2206 1512 2246 Α)
1528 2198 1768 2251 κατηγόρουν

104 2256 160 2297 ὥσ
176 2259 335 2307 ἐνδιδοίη
351 2259 398 2298 τὰ
414 2259 618 2309 πράγματα
637 2261 827 2307 ῥωμαιόισ
843 2261 864 2295 i.
884 2271 991 2304 marg.
1006 2261 1070 2294 PA
1140 2264 1157 2294 7
1177 2263 1256 2302 τοῦ]
1273 2262 1336 2296 καὶ
1354 2263 1422 2295 τοῦ
1434 2259 1698 2294 PALVRCLat

104 2315 374 2364 κατη·γόρουν
396 2318 429 2353 V
532 2316 691 2363 ἐνδιδοίη
716 2314 775 2357 τὰ]
800 2316 824 2351 i.
849 2327 959 2360 marg.
985 2317 1048 2351 PA
1072 2314 1223 2362 ἐνδιδωή
1248 2313 1294 2352 τὰ
1320 2315 1485 2350 PAMVC
1517 2314 1711 2352 ἐνδιδόντα
1736 2315 1767 2350 L

105 2416 249 2466 ἕνδιδόη
265 2415 311 2456 τὰ
329 2418 362 2453 R
432 2421 451 2452 8
469 2418 701 2465 διεπέμψατο
720 2419 784 2453 PA
853 2421 872 2453 9
892 2413 975 2455 οὐδὲ
992 2418 1022 2453 L
1041 2415 1127 2454 οὔτε
1143 2417 1239 2452 VRC
1308 2385 1442 2462 &52206
1458 2418 1491 2451 A
1559 2429 1768 2463 κατηγορη-

105 2474 229 2518 μένων
252 2475 318 2510 VR
396 2472 495 2517 οὔτε,
519 2487 560 2510 τε
585 2485 614 2509 s.
639 2476 672 2508 A
764 2469 849 2510 ἀλλ’
875 2495 917 2498 -
946 2478 985 2508 10
1011 2471 1169 2519 ἔφασαν]
1195 2473 1267 2518 ipsi
1290 2480 1407 2508 autem
1432 2473 1571 2507 misisse
1594 2472 1769 2508 dixerunt

106 2529 176 2565 Lat
247 2534 286 2566 10
311 2533 402 2568 τοῦτ
411 2525 432 2572 ²,
459 2533 503 2567 οὗ
527 2540 571 2564 ex
597 2527 616 2566 ὸ
636 2541 726 2566 corr.
744 2532 777 2565 A
793 2533 908 2567 τοῦτο
926 2530 1033 2567 MVR
1106 2534 1140 2565 11
1162 2526 1264 2576 αὑτῷ
1279 2530 1422 2564 Bekker
1494 2531 1534 2563 12
1551 2531 1769 2565 κεκλεῖσθαι

107 2585 199 2621 ALC
224 2587 352 2622 ductus
374 2587 445 2622 Lat
517 2589 555 2622 13
582 2583 648 2632 τὴν
673 2597 701 2621 s,
727 2587 755 2622 P
827 2583 1110 2633 ἅπαρισίαστον
1135 2585 1160 2619 C
1235 2590 1274 2620 16
1300 2582 1441 2628 ἔπειτα]
1467 2581 1547 2621 εἶτα
1572 2584 1699 2619 LVRO

109 2641 147 2677 δὲ
170 2652 236 2677 om.
263 2643 301 2676 M
417 2646 456 2677 17
483 2644 605 2685 ὁιεξίει
629 2643 656 2677 Ρ
771 2645 858 2688 περὶ
881 2653 948 2677 om.
970 2643 1019 2677 V²
1135 2648 1220 2678 τοῖσ
1244 2642 1292 2677 V¹
1406 2637 1626 2688 συγχήσεωσ
1650 2640 1677 2674 C

108 2692 399 2743 κατολοφύρατο
425 2698 552 2733 PA¹C¹
629 2702 670 2734 18
695 2694 732 2734 δ’
756 2696 973 2746 ἐθορύβουν
997 2709 1040 2733 ex
1066 2699 1103 2735 δὲ
1128 2696 1323 2745 θορύβουν
1346 2698 1418 2733 uid.
1446 2708 1537 2733 corr.
1564 2699 1596 2732 A
1620 2697 1658 2733 δὲ
1681 2695 1768 2733 ἐθο-

112 2749 250 2798 ρύβουν
272 2753 368 2788 VRC
476 2757 515 2789 19
541 2755 718 2801 εἰρωνίαν
743 2755 768 2789 C
885 2759 925 2790 ‘20
951 2755 1092 2799 παῖξαι]
1118 2758 1229 2801 πῆξαι
1254 2755 1347 2789 PAL
1367 2764 1584 2800 permanere
1608 2753 1678 2788 Lat

110 2810 313 2855 πειρᾶσθαι
336 2810 369 2844 V
485 2812 526 2844 21
553 2807 690 2852 αὐτῶν]
716 2807 840 2848 αὐτῶν
864 2811 902 2846 M
928 2809 1072 2847 ἑαυτῶν
1095 2810 1125 2844 L
1151 2806 1269 2847 αὐτὸν
1292 2811 1352 2847 VC
1491 2813 1533 2844 22
1559 2808 1591 2845 δ’
1617 2809 1677 2844 LC

112 2866 187 2898 τῶν
210 2865 441 2910 κρινομένων
464 2866 494 2899 L

1799 427 1879 467 336

1798 1238 1877 1278 339

1799 1374 1879 1413 340

1797 1646 1876 1686 341
