2039 3251
565 140 631 174 DE
657 140 816 176 BELLO
842 141 935 176 IUD.
962 141 1011 177 IV
1036 145 1192 176 92—100
1217 144 1252 183 (ΙΙ
1281 149 1308 173 2.
1335 148 1366 184 3)
1714 142 1793 177 359

142 253 320 305 αἰτίοις,
364 253 564 307 ἐβούλετο
604 255 771 307 μᾶλλον
811 252 1068 310 ὁμολογίαις
1107 255 1490 312 παραστήσασθαι
1529 254 1606 310 τὴν
1648 254 1793 297 πόλιν.

139 322 207 362 καὶ
231 319 282 378 δὴ
312 323 387 363 τοῦ
419 325 587 374 τείχους
619 319 789 376 ἀνδρῶν
820 322 1151 377 καταγέμοντος,
1185 325 1226 364 οἳ
1258 322 1305 364 τι)
1340 322 1474 364 πλεόν
1505 312 1615 377 ἦσαν
1646 322 1689 364 ἐκ
1719 324 1795 364 τοῦ
1827 326 1878 366 93

141 388 467 443 διεφθαρμένοι·
498 389 738 444 τάγματος,
780 389 1023 443 θαυμάζειν
1055 389 1137 446 ἔφη
1171 389 1284 444 πρὸς
1315 386 1483 441 αὐτούς,
1514 393 1601 432 τίνι
1632 406 1796 433 πεποι-

139 458 271 505 θοτες
293 456 440 514 πάσης
462 456 701 506 ἑαλωκυίας
727 457 900 507 πόλεως
930 457 1057 510 μόνοι
1089 457 1143 499 τὰ
1171 455 1394 510 Ῥωμαίων
1425 453 1544 499 ὅπλα
1575 460 1792 511 ιιιένουσιν,

139 522 376 577 ἑωρακότες
419 525 498 577 μὲν
545 521 816 579 ὀχυρωτέρας
862 526 1015 579 πολλιιῦ
1062 524 1214 574 πόλεις
1258 523 1344 566 ὑπὸ
1392 528 1497 578 μίαν
1539 523 1873 581 7*τροσι”)ὀλην’94

139 595 530 646 κατεστραμμένας,
566 592 608 634 ἐν
632 590 856 648 ἀσφαλείᾳ
878 592 924 633 δὲ
949 594 1034 633 τιῦν
1066 592 1190 633 ἰδίων
1220 592 1450 649 κτίιιιιάτων
1483 588 1791 642 ἀπολαύοντας

139 653 237 700 ὅσοι
278 668 374 709 ταῖς
409 657 630 714 Ῥωμαίων
677 660 840 710 δεξιαῖς
885 658 1169 709 ἐπίστευσαν,
1217 658 1268 709 ἃς
1314 662 1385 702 καὶ
1432 662 1503 701 νῦν
1542 663 1790 712 προτείνειν

139 722 286 776 αὐτοῖς
330 727 463 783 μηδὲν
501 730 775 784 μνησικακῶν
812 729 887 784 της
927 723 1184 776 αὐθαδείας.
1245 725 1358 769 εἶναι
1396 726 1476 782 γὰρ
1518 726 1790 782 συγγνωστὸν
1822 730 1874 770 95

139 792 391 849 ἕλει-θερίας
423 794 594 846 ἐλπίδα,
625 798 776 851 μηκέτι
806 794 955 847 μέντοι
985 793 1062 850 τὴν
1094 793 1137 835 ἐν
1167 803 1260 843 τοῖς
1292 794 1524 844 ἀδυνάτοις
1555 794 1789 850 ἐπιιιιονήν·

139 860 177 902 εἰ
197 860 278 939 γὰρ
301 859 346 904 οὐ
370 859 698 940 πεισθήσονται
730 862 875 917 λόγοις
907 860 1252 917 φιλανθρώποις
1282 864 1354 904 καὶ
1387 861 1586 911 δεξιαῖς
1582 867 1788 913 πίστεως,
1821 866 1872 906 96

137 929 366 983 πειράσειν
407 927 562 979 αι’τοις
601 925 761 985 άφειδη
799 928 853 971 τά
895 924 1034 979 όπλα,
1074 945 1144 970 και
1185 924 1290 971 όσον
1322 926 1496 970 oldam)
1528 929 1790 985 Τγνωσθη-

137 1000 302 1039 σεσθαι
325 997 580 1050 πιεζόμενον
601 1006 693 1046 τοῖς
710 994 932 1074 Ρωμαίων
958 995 1262 1052 μηχανήμασιν
1291 995 1340 1038 τὸ
1374 1005 1525 1049 τεῖχος,
1558 1000 1590 1051 ιι)
1626 1013 1789 1040 πεποι-

135 1063 270 1114 θότες
314 1064 632 1107 ἒῐπιδείκνινται
677 1063 806 1117 ιιόνοι
848 1065 1117 1113 Γαλιλαίων,
1165 1063 1236 1106 ὅτι
1282 1063 1393 1106 εισὶν
1441 1059 1656 1113 αοθάδεις
1698 1064 1791 1117 αἰχ-

134 1132 345 1184 μάλωτοι.

246 1213 282 1253 3.
312 1209 433 1263 Πρὸς
453 1212 590 1252 ταῦτα
610 1211 694 1251 τῶν
719 1210 798 1263 μὲν
830 1210 1075 1266 δημοτικῶν
1108 1207 1156 1252 οὐ
1187 1209 1322 1264 μόνον
1355 1205 1431 1251 οὐκ
1461 1205 1790 1263 ἀποκρίνεσθαί
1820 1214 1871 1253 97

134 1294 221 1319 τινι
259 1279 412 1333 μετῆν,
455 1273 553 1319 ἀλλ)
591 1273 684 1320 οὐδ’
721 1276 797 1320 ἐπὶ
827 1276 874 1319 τὸ
909 1286 1049 1330 τεῖχος
1081 1274 1314 1334 ἀναβῆναι·
1355 1277 1677 1333 προδιείληπτο
1708 1276 1790 1332 γὰρ

136 1343 256 1387 ἅπαν
285 1353 378 1394 τοῖς
410 1346 676 1401 λῃστρικοῖς,
717 1346 790 1386 καὶ
822 1344 1011 1400 φύλακες
1040 1348 1127 1388 τιῦν
1159 1347 1310 1388 πυλιῦν
1340 1335 1464 1402 ἦσαν,
1497 1341 1556 1394 ὠς
1586 1343 1643 1399 μή
1675 1360 1791 1394 τινες

134 1405 159 1468 ἢ
198 1414 464 1468 προέλθοιεν
503 1411 578 1455 ἐπὶ
616 1412 695 1462 τὰς
732 1412 929 1463 σπονδὰς
959 1406 985 1468 ἢ
1017 1413 1214 1464 δέξαιντό
1247 1429 1370 1462 τινας
1400 1415 1486 1455 τιῦν
1520 1412 1696 1454 ἱππέων
1729 1412 1791 1462 εἷς

133 1479 210 1535 τὴν
250 1479 402 1523 πόλιν·
443 1476 464 1521 ὁ
508 1475 548 1521 δ
580 1476 779 1537 Ἰωάννης
819 1477 951 1531 αοτός
987 1498 1034 1523 τε
1073 1479 1250 1536 ἀγαπᾶν
1291 1481 1374 1538 ε’φη
1414 1479 1494 1530 τὰς
1524 1477 1788 1537 προκλήσεις
1819 1482 1870 1523 98

132 1550 203 1590 καὶ
234 1564 335 1597 τοις
366 1543 668 1598 απειθοῦντας
697 1541 724 1605 ἦ
755 1552 927 1592 πείσειν
957 1542 984 1604 ἢ
1015 1548 1378 1604 συναναγκάσειν
1411 1549 1501 1591 δεῖν
1531 1550 1683 1601 μέντοι
1712 1547 1788 1605 τὴν
1818 1551 1870 1591 99

131 1612 295 1671 ἡμέραν
335 1611 466 1658 αὐτὸν
498 1615 681 1673 ἐκείνην,
722 1615 913 1670 ἕβδοιιάς
942 1616 1024 1694 γὰρ
1056 1614 1106 1672 ἦν
1119 1620 1445 1672 ,χαρίσασθαι
1475 1617 1538 1670 τιιῦ
1563 1610 1787 1658 Ἰουδαίων

131 1683 261 1738 νόμῳ,
295 1678 402 1725 καθ
428 1700 478 1740 ην
500 1678 651 1739 ω’σπερ
674 1678 793 1726 όπλα
813 1691 947 1726 κινεῖν
971 1680 1132 1735 αὐτοῖς,
1165 1679 1278 1726 οότω
1304 1685 1377 1726 καὶ
1407 1683 1456 1726 τὸ
1491 1686 1789 1726 συντίθεσθαι

130 1752 232 1805 περὶ
273 1749 444 1808 ειρήνης
484 1747 714 1805 άθέιιιτον.
774 1768 848 1793 ουκ
881 1748 1051 1807 ἀγνοεῖν
1084 1752 1130 1794 δὲ
1162 1747 1262 1794 οὐδὲ
1288 1749 1545 1806 Ρωμαίους,
1586 1747 1645 1800 ιῦς
1676 1767 1783 1806 αργη
1822 1754 1898 1794 100

130 1819 309 1861 πάντων
347 1813 495 1868 αὐτοῖς
534 1817 651 1861 ἐστιν
686 1817 709 1874 ἡ
742 1822 819 1874 τῆς
849 1818 1095 1873 ἑβδομάδος
1125 1819 1356 1874 περίοδος,
1396 1818 1440 1861 ἔν
1470 1835 1518 1861 τε
1547 1821 1610 1874 τιιῦ
1641 1834 1789 1872 παρα-

129 1890 298 1940 βαίνειν
333 1881 467 1942 αὗτην
499 1882 574 1939 οὐχ
604 1881 733 1941 ἧττον
766 1883 941 1941 ἀσεβεῖν
972 1888 1058 1928 τιῦν
1088 1889 1369 1940 βιασθέντων
1399 1885 1475 1929 τὸν
1503 1885 1787 1941 βιασάμενον.

242 2099 774 2144 PAMLVRCLatHegesippus
799 2099 848 2134 IV
872 2102 893 2133 4
917 2111 952 2144 p.
978 2101 1055 2134 228.

245 2159 260 2191 1
287 2155 434 2199 αἰτίοις]
461 2156 601 2193 αἰτίοισ
624 2153 670 2192 τὸ
695 2152 743 2201 μὴ
771 2153 893 2192 αἴτιον
916 2156 955 2190 Μ
1039 2154 1234 2202 ἐβούλετο]
1259 2154 1481 2202 έβουλετέτο
1507 2155 1557 2189 sic
1583 2154 1608 2188 C
1685 2166 1788 2199 περι-

132 2211 340 2258 στήσασθαι
363 2213 413 2248 V¹
506 2215 524 2246 2
552 2211 599 2254 οἳ]
626 2208 688 2248 οἷσ
712 2212 745 2246 R
836 2209 894 2254 τὸ]
920 2209 965 2248 τό
991 2225 1032 2248 τε
1057 2212 1082 2246 C
1177 2215 1195 2246 6
1219 2209 1445 2257 κτησμοέτων
1468 2210 1516 2245 V¹
1624 2207 1789 2246 α’πολαύ-

133 2280 223 2304 οντα
247 2269 281 2304 R
400 2271 419 2303 8
444 2271 514 2315 τῆσ
539 2265 727 2305 αὑθαδίασ
750 2268 796 2302 L¹
821 2275 908 2304 ταῖσ
933 2265 1156 2305 αὖθαδείαισ
1180 2269 1227 2310 (εί
1251 2278 1294 2301 ex
1320 2268 1333 2302 ι’
1357 2270 1459 2309 corr.)
1487 2266 1513 2301 C
1626 2262 1720 2302 εἶναι
1744 2285 1789 2291 -—-

132 2326 151 2358 9
170 2322 363 2369 ἐπιμονήν]
389 2326 475 2370 quia
499 2335 597 2370 spem
623 2324 800 2360 libertatis
823 2325 1078 2370 iqnoscendam
1097 2328 1259 2371 putaret,
1285 2334 1356 2358 non
1382 2328 1498 2357 tamen
1523 2323 1628 2357 etiam
1652 2323 1684 2356 .ςὶ
1707 2323 1788 2367 quis

129 2380 364 2426 impossibilia
388 2380 507 2425 uellet,
529 2386 783 2426 perseueraret
806 2381 876 2416 Lat
945 2378 1020 2427 γὰρ
1045 2391 1111 2416 om.
1137 2381 1165 2415 P
1251 2384 1270 2415 9
1295 2380 1414 2415 ἐλπίδι
1439 2379 1555 2414 L¹VR
1644 2378 1785 2425 μηκέτι]

129 2437 280 2482 μηκέτοι
296 2437 328 2471 V
344 2435 492 2484 μηκέτη,
517 2452 538 2483 η
554 2437 660 2471 finale
678 2447 721 2472 ex
739 2448 828 2472 corr.
847 2437 873 2471 G
945 2434 1021 2482 τὴν]
1042 2440 1110 2483 τῆσ
1128 2437 1153 2471 C
1223 2435 1275 2478 ἐν]
1301 2436 1362 2472 ἐπὶ
1378 2435 1410 2469 V
1482 2438 1521 2468 10
1547 2436 1671 2477 δεξιᾶσ
1687 2434 1720 2469 R

133 2494 170 2525 11
197 2492 410 2538 γνώσεσθαι
435 2493 506 2528 AM
626 2496 663 2528 12
688 2491 927 2538 πιεζόμενον]
953 2491 1188 2537 παιζόμενον
1212 2492 1258 2526 L¹
1290 2492 1430 2527 moenia
1462 2502 1529 2525 sua
1554 2490 1678 2524 ludum
1699 2490 1788 2536 fore

130 2546 198 2582 Lat
227 2548 376 2585 παιδιὰν
408 2547 594 2595 ἐσόμενον
617 2550 767 2585 Hudson
840 2552 879 2584 13
909 2552 1094 2596 γαλιλαῖοι
1118 2549 1167 2582 L²
1240 2551 1278 2583 15
1305 2544 1348 2584 οὐ
1371 2544 1494 2592 μόνον
1518 2557 1545 2581 S.
1572 2557 1617 2581 m.
1645 2549 1663 2581 2
1689 2547 1718 2581 L

136 2605 175 2637 16
198 2608 323 2650 μετῆν,
348 2620 368 2650 η
390 2605 415 2640 i.
438 2616 507 2641 ras.
535 2606 561 2641 C
689 2601 774 2642 οὐδὲ
797 2606 893 2641 VRO
1019 2606 1252 2652 προείληπτο
1277 2604 1348 2639 ML
1480 2605 1518 2638 18
1543 2602 1785 2649 προέλθοιεν]

133 2659 362 2704 παρέλθοιεν
385 2663 423 2696 Μ
457 2661 709 2709 προσέλθοιεν
731 2662 826 2697 VRC
986 2658 1065 2703 τὰς]
1095 2658 1141 2697 τὰ
1167 2661 1214 2694 L¹
1376 2663 1415 2694 19
1441 2659 1479 2696 δὲ
1503 2659 1629 2694 LVRG

135 2715 176 2747 20
211 2713 475 2760 ἀπειθοῦντας]
512 2714 772 2755 ἄπιστοῦντασ
803 2722 827 2756 (ι
856 2718 878 2752 i.
908 2728 977 2752 ras.
1010 2718 1055 2759 A)
1084 2717 1287 2752 AMLVRC
1317 2715 1551 2751 renitentibus
1580 2716 1651 2750 Lat

135 2770 424 2817 συναναγκάζειν
447 2774 477 2807 L
616 2777 654 2809 21
690 2778 756 2823 τῷ]
788 2777 865 2810 τῶν
888 2775 936 2809 Α1
968 2776 1022 2809 τῶ
1050 2776 1126 2809 τῶν
1150 2772 1180 2807 L
1205 2773 1286 2808 fort.
1313 2774 1410 2808 recte
1548 2773 1588 2806 23
1615 2771 1664 2812 δὲ]
1690 2783 1730 2807 τε
1754 2770 1785 2804 L

135 2834 221 2878 nam-
249 2826 319 2861 Lat
433 2826 527 2871 οὐδὲ]
565 2828 652 2867 οὔτε
687 2831 748 2865 LC
865 2833 906 2865 24
942 2826 1109 2871 πάντων]
1146 2827 1302 2866 πάντωσ
1337 2828 1367 2862 L
1482 2831 1534 2869 τε]
1572 2827 1611 2864 δὲ
1643 2827 1672 2861 L

138 2880 178 2912 25
201 2881 292 2925 ἦτον
315 2883 360 2918 L¹
447 2884 679 2931 βιαζόμενον
702 2886 732 2919 L
