<?xml version="1.0" encoding="UTF-8"?>
<!DOCTYPE html PUBLIC "-//W3C//DTD XHTML 1.0 Transitional//EN"
    "http://www.w3.org/TR/xhtml1/DTD/xhtml1-transitional.dtd">
<html xmlns="http://www.w3.org/1999/xhtml" xml:lang="en" lang="en">
 <head>
  <title>
</title>
<meta http-equiv="Content-Type" content="text/html;charset=utf-8" />
  <meta name='ocr-system' content='tesseract 3.04.00' />
  <meta name='ocr-capabilities' content='ocr_page ocr_carea ocr_par ocr_line ocrx_word'/>
</head>
<body>
  <div class='ocr_page' id='page_1' title='image "./operajosephus06joseuoft/operajosephus06joseuoft_0621.png"; bbox 0 0 2039 3251; ppageno 0'>
   <div class='ocr_carea' id='block_1_1' title="bbox 41 885 76 916">
    <p class='ocr_par' dir='ltr' id='par_1_1' title="bbox 41 885 76 916">
     <span class='ocr_line' id='line_1_1' title="bbox 41 885 76 916; baseline 0.029 -1"><span class='ocrx_word' id='word_1_1' title='bbox 41 885 76 916; x_wconf 88' lang='lat'><em>10</em></span> 
     </span>
    </p>
   </div>
   <div class='ocr_carea' id='block_1_2' title="bbox 40 1223 75 1255">
    <p class='ocr_par' dir='ltr' id='par_1_2' title="bbox 40 1223 75 1255">
     <span class='ocr_line' id='line_1_2' title="bbox 40 1223 75 1255; baseline -0.029 0"><span class='ocrx_word' id='word_1_2' title='bbox 40 1223 75 1255; x_wconf 85' lang='lat'><em>15</em></span> 
     </span>
    </p>
   </div>
   <div class='ocr_carea' id='block_1_3' title="bbox 40 1563 77 1594">
    <p class='ocr_par' dir='ltr' id='par_1_3' title="bbox 40 1563 77 1594">
     <span class='ocr_line' id='line_1_3' title="bbox 40 1563 77 1594; baseline 0 0"><span class='ocrx_word' id='word_1_3' title='bbox 40 1563 77 1594; x_wconf 84' lang='lat'><em>20</em></span> 
     </span>
    </p>
   </div>
   <div class='ocr_carea' id='block_1_4' title="bbox 456 152 1763 194">
    <p class='ocr_par' dir='ltr' id='par_1_4' title="bbox 456 152 1763 194">
     <span class='ocr_line' id='line_1_4' title="bbox 456 152 1763 194; baseline -0.001 -7"><span class='ocrx_word' id='word_1_4' title='bbox 456 153 522 188; x_wconf 85' lang='lat' dir='ltr'><em>DE</em></span> <span class='ocrx_word' id='word_1_5' title='bbox 547 153 706 188; x_wconf 83' lang='lat' dir='ltr'>BELLO</span> <span class='ocrx_word' id='word_1_6' title='bbox 733 153 828 189; x_wconf 92' lang='lat' dir='ltr'><strong>IUD.</strong></span> <span class='ocrx_word' id='word_1_7' title='bbox 857 153 904 187; x_wconf 91' lang='lat' dir='ltr'><em>VI</em></span> <span class='ocrx_word' id='word_1_8' title='bbox 930 155 1102 188; x_wconf 83' lang='lat'><strong>213-221</strong></span> <span class='ocrx_word' id='word_1_9' title='bbox 1132 156 1182 194; x_wconf 88' lang='grc'>(111</span> <span class='ocrx_word' id='word_1_10' title='bbox 1211 159 1238 185; x_wconf 75' lang='grc'><em>4.</em></span> <span class='ocrx_word' id='word_1_11' title='bbox 1267 160 1293 186; x_wconf 83' lang='grc'><em>5.</em></span> <span class='ocrx_word' id='word_1_12' title='bbox 1322 157 1353 182; x_wconf 76' lang='lat' dir='ltr'><em>lv</em></span> <span class='ocrx_word' id='word_1_13' title='bbox 1384 156 1412 191; x_wconf 85' lang='grc' dir='ltr'><em>ι)</em></span> <span class='ocrx_word' id='word_1_14' title='bbox 1687 152 1763 187; x_wconf 68' lang='grc'>541</span> 
     </span>
    </p>
   </div>
   <div class='ocr_carea' id='block_1_5' title="bbox 103 257 1777 1747">
    <p class='ocr_par' dir='ltr' id='par_1_5' title="bbox 103 257 1769 391">
     <span class='ocr_line' id='line_1_5' title="bbox 103 257 1769 322; baseline -0.002 -13"><span class='ocrx_word' id='word_1_15' title='bbox 103 267 148 309; x_wconf 79' lang='grc' dir='ltr'><em>δὲ</em></span> <span class='ocrx_word' id='word_1_16' title='bbox 170 269 257 310; x_wconf 81' lang='grc' dir='ltr'><em>τῶν</em></span> <span class='ocrx_word' id='word_1_17' title='bbox 280 267 589 322; x_wconf 81' lang='grc' dir='ltr'><em>λιμωττόντων</em></span> <span class='ocrx_word' id='word_1_18' title='bbox 612 266 685 310; x_wconf 75' lang='grc' dir='ltr'><em>ἐπὶ</em></span> <span class='ocrx_word' id='word_1_19' title='bbox 709 266 785 309; x_wconf 80' lang='grc' dir='ltr'><em>τὸν</em></span> <span class='ocrx_word' id='word_1_20' title='bbox 806 267 1002 309; x_wconf 81' lang='grc' dir='ltr'><em>θάνατον</em></span> <span class='ocrx_word' id='word_1_21' title='bbox 1026 257 1088 322; x_wconf 74' lang='grc' dir='ltr'><em>ἧν,</em></span> <span class='ocrx_word' id='word_1_22' title='bbox 1121 268 1192 308; x_wconf 84' lang='grc' dir='ltr'><em>καὶ</em></span> <span class='ocrx_word' id='word_1_23' title='bbox 1224 263 1505 320; x_wconf 75' lang='grc' dir='ltr'><em>μακαρισμὸς</em></span> <span class='ocrx_word' id='word_1_24' title='bbox 1534 266 1620 307; x_wconf 84' lang='grc' dir='ltr'><em>τῶν</em></span> <span class='ocrx_word' id='word_1_25' title='bbox 1644 267 1769 322; x_wconf 83' lang='grc' dir='ltr'><em>φθα-</em></span> 
     </span>
     <span class='ocr_line' id='line_1_6' title="bbox 103 332 1454 391; baseline -0.001 -14"><span class='ocrx_word' id='word_1_26' title='bbox 103 335 274 377; x_wconf 81' lang='grc' dir='ltr'><em>σάντων</em></span> <span class='ocrx_word' id='word_1_27' title='bbox 305 338 411 390; x_wconf 86' lang='grc' dir='ltr'><em>πρὶν</em></span> <span class='ocrx_word' id='word_1_28' title='bbox 444 332 629 377; x_wconf 78' lang='grc' dir='ltr'><em>ἀκοῦσαι</em></span> <span class='ocrx_word' id='word_1_29' title='bbox 660 338 733 378; x_wconf 88' lang='grc' dir='ltr'><em>καὶ</em></span> <span class='ocrx_word' id='word_1_30' title='bbox 764 335 1028 377; x_wconf 83' lang='grc' dir='ltr'><em>θεάσασθαι</em></span> <span class='ocrx_word' id='word_1_31' title='bbox 1059 333 1168 377; x_wconf 82' lang='grc' dir='ltr'><em>κακὰ</em></span> <span class='ocrx_word' id='word_1_32' title='bbox 1202 335 1454 391; x_wconf 81' lang='grc' dir='ltr'><em>τηλικαῦτα.</em></span> 
     </span>
    </p>

    <p class='ocr_par' dir='ltr' id='par_1_6' title="bbox 103 400 1775 1462">
     <span class='ocr_line' id='line_1_7' title="bbox 217 400 1769 458; baseline -0.002 -13"><span class='ocrx_word' id='word_1_33' title='bbox 217 409 255 445; x_wconf 84' lang='grc'><em>5.</em></span> <span class='ocrx_word' id='word_1_34' title='bbox 300 406 475 456; x_wconf 81' lang='grc' dir='ltr'><em>Ταχέως</em></span> <span class='ocrx_word' id='word_1_35' title='bbox 508 404 554 445; x_wconf 83' lang='grc' dir='ltr'><em>δὲ</em></span> <span class='ocrx_word' id='word_1_36' title='bbox 584 405 657 445; x_wconf 85' lang='grc' dir='ltr'><em>καὶ</em></span> <span class='ocrx_word' id='word_1_37' title='bbox 683 400 916 456; x_wconf 81' lang='grc' dir='ltr'><em>Ῥωμαίοις</em></span> <span class='ocrx_word' id='word_1_38' title='bbox 954 403 1189 458; x_wconf 80' lang='grc' dir='ltr'><em>διηγγέλθη</em></span> <span class='ocrx_word' id='word_1_39' title='bbox 1221 401 1269 443; x_wconf 81' lang='grc' dir='ltr'><em>τὸ</em></span> <span class='ocrx_word' id='word_1_40' title='bbox 1304 401 1471 450; x_wconf 78' lang='grc' dir='ltr'><em>πάθος.</em></span> <span class='ocrx_word' id='word_1_41' title='bbox 1532 402 1619 442; x_wconf 74' lang='grc' dir='ltr'><em>τῶν</em></span> <span class='ocrx_word' id='word_1_42' title='bbox 1651 400 1696 441; x_wconf 80' lang='grc' dir='ltr'><em>δ’</em></span> <span class='ocrx_word' id='word_1_43' title='bbox 1729 400 1769 442; x_wconf 80' lang='grc' dir='ltr'><em>οἱ</em></span> 
     </span>
     <span class='ocr_line' id='line_1_8' title="bbox 103 466 1771 527; baseline -0.002 -15"><span class='ocrx_word' id='word_1_44' title='bbox 103 471 181 523; x_wconf 77' lang='grc' dir='ltr'><em>μὲν</em></span> <span class='ocrx_word' id='word_1_45' title='bbox 211 466 442 527; x_wconf 78' lang='grc' dir='ltr'><em>ἠπίστουν,</em></span> <span class='ocrx_word' id='word_1_46' title='bbox 475 471 516 513; x_wconf 82' lang='grc' dir='ltr'><em>οἱ</em></span> <span class='ocrx_word' id='word_1_47' title='bbox 539 471 585 513; x_wconf 81' lang='grc' dir='ltr'><em>δὲ</em></span> <span class='ocrx_word' id='word_1_48' title='bbox 609 466 829 526; x_wconf 68' lang='grc' dir='ltr'><em>ᾤκτειρον,</em></span> <span class='ocrx_word' id='word_1_49' title='bbox 862 470 965 520; x_wconf 74' lang='grc' dir='ltr'><em>τούς</em></span> <span class='ocrx_word' id='word_1_50' title='bbox 988 470 1034 512; x_wconf 78' lang='grc' dir='ltr'><em>δὲ</em></span> <span class='ocrx_word' id='word_1_51' title='bbox 1058 468 1251 519; x_wconf 64' lang='grc' dir='ltr'><em>πολλοὺς</em></span> <span class='ocrx_word' id='word_1_52' title='bbox 1274 469 1336 517; x_wconf 88' lang='grc' dir='ltr'><em>εἰς</em></span> <span class='ocrx_word' id='word_1_53' title='bbox 1357 477 1486 522; x_wconf 85' lang='grc' dir='ltr'><em>μῖσος</em></span> <span class='ocrx_word' id='word_1_54' title='bbox 1513 470 1589 509; x_wconf 82' lang='grc' dir='ltr'><em>τοῦ</em></span> <span class='ocrx_word' id='word_1_55' title='bbox 1612 467 1771 517; x_wconf 69' lang='grc' dir='ltr'><em>ἔθνους</em></span> 
     </span>
     <span class='ocr_line' id='line_1_9' title="bbox 103 534 1768 595; baseline -0.001 -16"><span class='ocrx_word' id='word_1_56' title='bbox 103 538 404 595; x_wconf 78' lang='grc' dir='ltr'><em>σφοδρότερον</em></span> <span class='ocrx_word' id='word_1_57' title='bbox 444 542 599 594; x_wconf 72' lang='grc' dir='ltr'><em>συνέβη</em></span> <span class='ocrx_word' id='word_1_58' title='bbox 643 539 899 594; x_wconf 85' lang='grc' dir='ltr'><em>προελθεῖν.</em></span> <span class='ocrx_word' id='word_1_59' title='bbox 962 542 1138 591; x_wconf 85' lang='grc' dir='ltr'><em>Καῖσαρ</em></span> <span class='ocrx_word' id='word_1_60' title='bbox 1172 537 1218 579; x_wconf 78' lang='grc' dir='ltr'><em>δὲ</em></span> <span class='ocrx_word' id='word_1_61' title='bbox 1252 534 1514 591; x_wconf 77' lang='grc' dir='ltr'><em>ἀπελογεῖτο</em></span> <span class='ocrx_word' id='word_1_62' title='bbox 1553 538 1625 578; x_wconf 85' lang='grc' dir='ltr'><em>καὶ</em></span> <span class='ocrx_word' id='word_1_63' title='bbox 1666 537 1768 590; x_wconf 80' lang='grc' dir='ltr'><em>περὶ</em></span> 
     </span>
     <span class='ocr_line' id='line_1_10' title="bbox 104 599 1770 662; baseline -0.001 -15"><span class='ocrx_word' id='word_1_64' title='bbox 104 606 261 648; x_wconf 73' lang='grc' dir='ltr'><em>τούτου</em></span> <span class='ocrx_word' id='word_1_65' title='bbox 299 608 362 662; x_wconf 69' lang='grc' dir='ltr'><em>τῷ</em></span> <span class='ocrx_word' id='word_1_66' title='bbox 394 608 509 661; x_wconf 74' lang='grc' dir='ltr'><em>θεῷ,</em></span> <span class='ocrx_word' id='word_1_67' title='bbox 553 605 735 662; x_wconf 78' lang='grc' dir='ltr'><em>φάσκων</em></span> <span class='ocrx_word' id='word_1_68' title='bbox 775 605 899 660; x_wconf 79' lang='grc' dir='ltr'><em>παρὰ</em></span> <span class='ocrx_word' id='word_1_69' title='bbox 938 605 1017 659; x_wconf 76' lang='grc' dir='ltr'><em>μὲν</em></span> <span class='ocrx_word' id='word_1_70' title='bbox 1059 600 1191 647; x_wconf 66' lang='grc' dir='ltr'><em>αὐτοῦ</em></span> <span class='ocrx_word' id='word_1_71' title='bbox 1218 599 1448 652; x_wconf 73' lang='grc' dir='ltr'><em>Ἰουδαίοις</em></span> <span class='ocrx_word' id='word_1_72' title='bbox 1487 603 1659 660; x_wconf 66' lang='grc' dir='ltr'><em>εἰρήνην</em></span> <span class='ocrx_word' id='word_1_73' title='bbox 1699 605 1770 646; x_wconf 88' lang='grc' dir='ltr'><em>καὶ</em></span> 
     </span>
     <span class='ocr_line' id='line_1_11' title="bbox 106 668 1770 729; baseline -0.002 -13"><span class='ocrx_word' id='word_1_74' title='bbox 106 669 371 727; x_wconf 63' lang='grc' dir='ltr'><em>αὐτονομίαν</em></span> <span class='ocrx_word' id='word_1_75' title='bbox 402 677 725 729; x_wconf 64' lang='grc' dir='ltr'><em>προτείνεσθαι</em></span> <span class='ocrx_word' id='word_1_76' title='bbox 746 675 818 715; x_wconf 86' lang='grc' dir='ltr'><em>καὶ</em></span> <span class='ocrx_word' id='word_1_77' title='bbox 841 672 1023 714; x_wconf 86' lang='grc' dir='ltr'><em>πάντων</em></span> <span class='ocrx_word' id='word_1_78' title='bbox 1049 668 1296 729; x_wconf 71' lang='grc' dir='ltr'><em>ἀμνηστίαν</em></span> <span class='ocrx_word' id='word_1_79' title='bbox 1318 674 1405 714; x_wconf 76' lang='grc' dir='ltr'><em>τῶν</em></span> <span class='ocrx_word' id='word_1_80' title='bbox 1427 672 1770 725; x_wconf 66' lang='grc' dir='ltr'><em>τετολμημένων,</em></span> 
     </span>
     <span class='ocr_line' id='line_1_12' title="bbox 105 736 1768 797; baseline -0.002 -13"><span class='ocrx_word' id='word_1_81' title='bbox 105 740 207 791; x_wconf 68' lang='grc' dir='ltr'><em>τους</em></span> <span class='ocrx_word' id='word_1_82' title='bbox 240 742 287 784; x_wconf 81' lang='grc' dir='ltr'><em>δὲ</em></span> <span class='ocrx_word' id='word_1_83' title='bbox 319 738 415 784; x_wconf 76' lang='grc' dir='ltr'><em>ἀντὶ</em></span> <span class='ocrx_word' id='word_1_84' title='bbox 446 741 524 795; x_wconf 81' lang='grc' dir='ltr'><em>μὲν</em></span> <span class='ocrx_word' id='word_1_85' title='bbox 555 738 765 795; x_wconf 79' lang='grc' dir='ltr'><em>ὁμονοίας</em></span> <span class='ocrx_word' id='word_1_86' title='bbox 797 740 968 791; x_wconf 79' lang='grc' dir='ltr'><em>στάσιν,</em></span> <span class='ocrx_word' id='word_1_87' title='bbox 1003 736 1100 782; x_wconf 80' lang='grc' dir='ltr'><em>ἀντὶ</em></span> <span class='ocrx_word' id='word_1_88' title='bbox 1134 740 1179 782; x_wconf 79' lang='grc' dir='ltr'><em>δὲ</em></span> <span class='ocrx_word' id='word_1_89' title='bbox 1212 739 1385 797; x_wconf 74' lang='grc' dir='ltr'><em>εἰρήνης</em></span> <span class='ocrx_word' id='word_1_90' title='bbox 1426 739 1642 793; x_wconf 74' lang='grc' dir='ltr'><em>πόλεμον,</em></span> <span class='ocrx_word' id='word_1_91' title='bbox 1685 738 1768 793; x_wconf 83' lang='grc' dir='ltr'><em>πρὸ</em></span> 
     </span>
     <span class='ocr_line' id='line_1_13' title="bbox 105 803 1771 865; baseline -0.001 -15"><span class='ocrx_word' id='word_1_92' title='bbox 105 809 235 863; x_wconf 85' lang='grc' dir='ltr'><em>κόρου</em></span> <span class='ocrx_word' id='word_1_93' title='bbox 268 810 313 852; x_wconf 83' lang='grc' dir='ltr'><em>δὲ</em></span> <span class='ocrx_word' id='word_1_94' title='bbox 344 811 415 852; x_wconf 82' lang='grc' dir='ltr'><em>καὶ</em></span> <span class='ocrx_word' id='word_1_95' title='bbox 449 806 661 865; x_wconf 78' lang='grc' dir='ltr'><em>εὐθηνίας</em></span> <span class='ocrx_word' id='word_1_96' title='bbox 692 807 820 861; x_wconf 85' lang='grc' dir='ltr'><em>λιμὸν</em></span> <span class='ocrx_word' id='word_1_97' title='bbox 863 808 1168 863; x_wconf 76' lang='grc' dir='ltr'><em>αἱρουμένους,</em></span> <span class='ocrx_word' id='word_1_98' title='bbox 1213 806 1350 856; x_wconf 86' lang='grc' dir='ltr'><em>ἰδίαις</em></span> <span class='ocrx_word' id='word_1_99' title='bbox 1382 806 1427 848; x_wconf 77' lang='grc' dir='ltr'><em>δὲ</em></span> <span class='ocrx_word' id='word_1_100' title='bbox 1455 809 1607 860; x_wconf 78' lang='grc' dir='ltr'><em>χερσὶν</em></span> <span class='ocrx_word' id='word_1_101' title='bbox 1640 803 1771 862; x_wconf 73' lang='grc' dir='ltr'><em>ἀρξα-</em></span> 
     </span>
     <span class='ocr_line' id='line_1_14' title="bbox 105 870 1771 934; baseline -0.001 -16"><span class='ocrx_word' id='word_1_102' title='bbox 105 880 262 930; x_wconf 81' lang='grc' dir='ltr'><em>μένους</em></span> <span class='ocrx_word' id='word_1_103' title='bbox 291 882 431 920; x_wconf 84' lang='grc' dir='ltr'><em>καίειν</em></span> <span class='ocrx_word' id='word_1_104' title='bbox 461 876 510 920; x_wconf 82' lang='grc' dir='ltr'><em>τδ</em></span> <span class='ocrx_word' id='word_1_105' title='bbox 546 877 890 934; x_wconf 74' lang='grc' dir='ltr'><em>συντηρούμενον</em></span> <span class='ocrx_word' id='word_1_106' title='bbox 920 872 999 931; x_wconf 70' lang='grc' dir='ltr'><em>ὑφ’</em></span> <span class='ocrx_word' id='word_1_107' title='bbox 1036 873 1159 933; x_wconf 72' lang='grc' dir='ltr'><em>ἡμῶν</em></span> <span class='ocrx_word' id='word_1_108' title='bbox 1193 874 1310 929; x_wconf 79' lang='grc' dir='ltr'><em>ἱερὸν</em></span> <span class='ocrx_word' id='word_1_109' title='bbox 1343 870 1513 926; x_wconf 62' lang='lat' dir='ltr'><em>cei-vois,</em></span> <span class='ocrx_word' id='word_1_110' title='bbox 1558 872 1670 917; x_wconf 80' lang='grc' dir='ltr'><em>εἶναι</em></span> <span class='ocrx_word' id='word_1_111' title='bbox 1701 876 1771 916; x_wconf 80' lang='grc' dir='ltr'><em>καὶ</em></span> 
     </span>
     <span class='ocr_line' id='line_1_15' title="bbox 104 941 1774 1003; baseline -0.001 -18"><span class='ocrx_word' id='word_1_112' title='bbox 104 944 312 1001; x_wconf 81' lang='grc' dir='ltr'><em>τοιαύτης</em></span> <span class='ocrx_word' id='word_1_113' title='bbox 331 946 498 1003; x_wconf 83' lang='grc' dir='ltr'><em>τροφῆς</em></span> <span class='ocrx_word' id='word_1_114' title='bbox 520 941 682 994; x_wconf 75' lang='grc' dir='ltr'><em>ἀξίους.</em></span> <span class='ocrx_word' id='word_1_115' title='bbox 734 944 948 999; x_wconf 75' lang='grc' dir='ltr'><em>καλύψειν</em></span> <span class='ocrx_word' id='word_1_116' title='bbox 970 947 1122 998; x_wconf 86' lang='grc' dir='ltr'><em>μέντοι</em></span> <span class='ocrx_word' id='word_1_117' title='bbox 1143 941 1191 985; x_wconf 86' lang='grc' dir='ltr'><em>τὸ</em></span> <span class='ocrx_word' id='word_1_118' title='bbox 1216 945 1292 999; x_wconf 64' lang='grc' dir='ltr'><em>τῆς</em></span> <span class='ocrx_word' id='word_1_119' title='bbox 1312 945 1605 999; x_wconf 72' lang='grc' dir='ltr'><em>τεκνοφαγίας</em></span> <span class='ocrx_word' id='word_1_120' title='bbox 1636 941 1774 995; x_wconf 83' lang='grc' dir='ltr'><em>μύσος</em></span> 
     </span>
     <span class='ocr_line' id='line_1_16' title="bbox 108 1007 1773 1068; baseline -0.001 -16"><span class='ocrx_word' id='word_1_121' title='bbox 108 1007 225 1067; x_wconf 72' lang='grc' dir='ltr'><em>αὐτῷ</em></span> <span class='ocrx_word' id='word_1_122' title='bbox 255 1014 317 1067; x_wconf 72' lang='grc' dir='ltr'><em>τῷ</em></span> <span class='ocrx_word' id='word_1_123' title='bbox 348 1015 424 1068; x_wconf 82' lang='grc' dir='ltr'><em>τῆς</em></span> <span class='ocrx_word' id='word_1_124' title='bbox 455 1014 671 1068; x_wconf 86' lang='grc' dir='ltr'><em>πατρίδος</em></span> <span class='ocrx_word' id='word_1_125' title='bbox 703 1012 911 1066; x_wconf 76' lang='grc' dir='ltr'><em>πτώματι</em></span> <span class='ocrx_word' id='word_1_126' title='bbox 931 1013 1003 1054; x_wconf 82' lang='grc' dir='ltr'><em>καὶ</em></span> <span class='ocrx_word' id='word_1_127' title='bbox 1027 1011 1075 1054; x_wconf 84' lang='grc' dir='ltr'><em>οὐ</em></span> <span class='ocrx_word' id='word_1_128' title='bbox 1098 1012 1385 1066; x_wconf 76' lang='grc' dir='ltr'><em>καταλείψειν</em></span> <span class='ocrx_word' id='word_1_129' title='bbox 1418 1010 1492 1053; x_wconf 77' lang='grc' dir='ltr'><em>ἐπὶ</em></span> <span class='ocrx_word' id='word_1_130' title='bbox 1521 1011 1598 1067; x_wconf 76' lang='grc' dir='ltr'><em>τῆς</em></span> <span class='ocrx_word' id='word_1_131' title='bbox 1629 1009 1773 1052; x_wconf 80' lang='grc' dir='ltr'><em>οἰκου-</em></span> 
     </span>
     <span class='ocr_line' id='line_1_17' title="bbox 106 1075 1773 1137; baseline -0.001 -17"><span class='ocrx_word' id='word_1_132' title='bbox 106 1082 237 1135; x_wconf 83' lang='grc' dir='ltr'><em>μένης</em></span> <span class='ocrx_word' id='word_1_133' title='bbox 266 1077 376 1135; x_wconf 77' lang='grc' dir='ltr'><em>ἡλίῳ</em></span> <span class='ocrx_word' id='word_1_134' title='bbox 406 1083 607 1136; x_wconf 77' lang='grc' dir='ltr'><em>καθορᾶν</em></span> <span class='ocrx_word' id='word_1_135' title='bbox 640 1080 785 1132; x_wconf 84' lang='grc' dir='ltr'><em>πόλιν,</em></span> <span class='ocrx_word' id='word_1_136' title='bbox 819 1079 863 1122; x_wconf 75' lang='grc' dir='ltr'><em>ἐν</em></span> <span class='ocrx_word' id='word_1_137' title='bbox 893 1076 921 1137; x_wconf 62' lang='grc' dir='ltr'><em>ἦ</em></span> <span class='ocrx_word' id='word_1_138' title='bbox 953 1083 1136 1137; x_wconf 80' lang='grc' dir='ltr'><em>μητέρες</em></span> <span class='ocrx_word' id='word_1_139' title='bbox 1169 1075 1283 1122; x_wconf 57' lang='grc' dir='ltr'><em>οὕτω</em></span> <span class='ocrx_word' id='word_1_140' title='bbox 1314 1081 1569 1134; x_wconf 79' lang='grc' dir='ltr'><em>τρέφονται.</em></span> <span class='ocrx_word' id='word_1_141' title='bbox 1630 1092 1773 1132; x_wconf 87' lang='grc' dir='ltr'><em>προσ-</em></span> 
     </span>
     <span class='ocr_line' id='line_1_18' title="bbox 106 1144 1773 1205; baseline -0.001 -17"><span class='ocrx_word' id='word_1_142' title='bbox 106 1146 224 1203; x_wconf 67' lang='grc' dir='ltr'><em>ήκειν</em></span> <span class='ocrx_word' id='word_1_143' title='bbox 254 1151 405 1202; x_wconf 85' lang='grc' dir='ltr'><em>μέντοι</em></span> <span class='ocrx_word' id='word_1_144' title='bbox 436 1147 522 1203; x_wconf 84' lang='grc' dir='ltr'><em>πρὸ</em></span> <span class='ocrx_word' id='word_1_145' title='bbox 564 1152 763 1205; x_wconf 81' lang='grc' dir='ltr'><em>μητέρων</em></span> <span class='ocrx_word' id='word_1_146' title='bbox 803 1148 1027 1202; x_wconf 82' lang='grc' dir='ltr'><em>πατράσιν</em></span> <span class='ocrx_word' id='word_1_147' title='bbox 1058 1147 1136 1204; x_wconf 76' lang='grc' dir='ltr'><em>τὴν</em></span> <span class='ocrx_word' id='word_1_148' title='bbox 1167 1146 1374 1204; x_wconf 77' lang='grc' dir='ltr'><em>τοιαύτην</em></span> <span class='ocrx_word' id='word_1_149' title='bbox 1406 1144 1587 1202; x_wconf 78' lang='grc' dir='ltr'><em>τροφήν,</em></span> <span class='ocrx_word' id='word_1_150' title='bbox 1628 1148 1671 1187; x_wconf 84' lang='grc' dir='ltr'><em>οἳ</em></span> <span class='ocrx_word' id='word_1_151' title='bbox 1702 1146 1773 1187; x_wconf 84' lang='grc' dir='ltr'><em>καὶ</em></span> 
     </span>
     <span class='ocr_line' id='line_1_19' title="bbox 105 1209 1774 1272; baseline -0.001 -15"><span class='ocrx_word' id='word_1_152' title='bbox 105 1214 216 1268; x_wconf 82' lang='grc' dir='ltr'><em>μετὰ</em></span> <span class='ocrx_word' id='word_1_153' title='bbox 245 1217 483 1272; x_wconf 79' lang='grc' dir='ltr'><em>τηλικαῦτα</em></span> <span class='ocrx_word' id='word_1_154' title='bbox 513 1216 644 1272; x_wconf 88' lang='grc' dir='ltr'><em>πάθη</em></span> <span class='ocrx_word' id='word_1_155' title='bbox 675 1219 882 1270; x_wconf 85' lang='grc' dir='ltr'><em>μένουσιν</em></span> <span class='ocrx_word' id='word_1_156' title='bbox 905 1215 948 1258; x_wconf 78' lang='grc' dir='ltr'><em>ἐν</em></span> <span class='ocrx_word' id='word_1_157' title='bbox 971 1224 1065 1266; x_wconf 91' lang='grc' dir='ltr'><em>τοῖς</em></span> <span class='ocrx_word' id='word_1_158' title='bbox 1097 1211 1271 1265; x_wconf 77' lang='grc' dir='ltr'><em>ὅπλοις.</em></span> <span class='ocrx_word' id='word_1_159' title='bbox 1322 1210 1457 1257; x_wconf 73' lang='grc' dir='ltr'><em>ταῦθ’</em></span> <span class='ocrx_word' id='word_1_160' title='bbox 1487 1209 1577 1267; x_wconf 70' lang='grc' dir='ltr'><em>ἅμα</em></span> <span class='ocrx_word' id='word_1_161' title='bbox 1601 1211 1774 1263; x_wconf 73' lang='grc' dir='ltr'><em>διεξιών</em></span> 
     </span>
     <span class='ocr_line' id='line_1_20' title="bbox 108 1276 1775 1339; baseline -0.001 -15"><span class='ocrx_word' id='word_1_162' title='bbox 108 1281 268 1326; x_wconf 75' lang='grc' dir='ltr'><em>ἐνενόει</em></span> <span class='ocrx_word' id='word_1_163' title='bbox 299 1286 371 1327; x_wconf 82' lang='grc' dir='ltr'><em>καὶ</em></span> <span class='ocrx_word' id='word_1_164' title='bbox 402 1283 480 1339; x_wconf 84' lang='grc' dir='ltr'><em>τὴν</em></span> <span class='ocrx_word' id='word_1_165' title='bbox 512 1280 768 1339; x_wconf 72' lang='grc' dir='ltr'><em>ἀπόγνωσιν</em></span> <span class='ocrx_word' id='word_1_166' title='bbox 798 1286 885 1326; x_wconf 71' lang='grc' dir='ltr'><em>τῶν</em></span> <span class='ocrx_word' id='word_1_167' title='bbox 919 1279 1111 1336; x_wconf 74' lang='grc' dir='ltr'><em>ἀνδρῶν·</em></span> <span class='ocrx_word' id='word_1_168' title='bbox 1146 1279 1301 1339; x_wconf 75' lang='grc' dir='ltr'><em>οὐγὰρ</em></span> <span class='ocrx_word' id='word_1_169' title='bbox 1325 1276 1377 1325; x_wconf 67' lang='grc' dir='ltr'><em>ἶῖν</em></span> <span class='ocrx_word' id='word_1_170' title='bbox 1400 1282 1464 1324; x_wconf 69' lang='grc' dir='ltr'><em>ἔτι</em></span> <span class='ocrx_word' id='word_1_171' title='bbox 1488 1283 1775 1337; x_wconf 67' lang='grc' dir='ltr'><em>σωφρονῆσαι</em></span> 
     </span>
     <span class='ocr_line' id='line_1_21' title="bbox 106 1341 1773 1408; baseline -0.001 -17"><span class='ocrx_word' id='word_1_172' title='bbox 106 1348 208 1400; x_wconf 74' lang='grc' dir='ltr'><em>τους</em></span> <span class='ocrx_word' id='word_1_173' title='bbox 246 1347 394 1393; x_wconf 80' lang='grc' dir='ltr'><em>πάντα</em></span> <span class='ocrx_word' id='word_1_174' title='bbox 433 1351 818 1408; x_wconf 77' lang='grc' dir='ltr'><em>προπεπονθότας</em></span> <span class='ocrx_word' id='word_1_175' title='bbox 858 1347 932 1408; x_wconf 54' lang='grc' dir='ltr'><em>ἐφ)</em></span> <span class='ocrx_word' id='word_1_176' title='bbox 980 1350 1046 1401; x_wconf 86' lang='grc' dir='ltr'><em>οἷς</em></span> <span class='ocrx_word' id='word_1_177' title='bbox 1092 1349 1207 1400; x_wconf 83' lang='grc' dir='ltr'><em>εἰκὸς</em></span> <span class='ocrx_word' id='word_1_178' title='bbox 1246 1341 1299 1408; x_wconf 73' lang='grc' dir='ltr'><em>ἧν</em></span> <span class='ocrx_word' id='word_1_179' title='bbox 1338 1350 1677 1404; x_wconf 70' lang='grc' dir='ltr'><em>μεταβαλέσθαι</em></span> <span class='ocrx_word' id='word_1_180' title='bbox 1716 1347 1773 1403; x_wconf 79' lang='grc' dir='ltr'><em>μὴ</em></span> 
     </span>
     <span class='ocr_line' id='line_1_22' title="bbox 108 1421 351 1462; baseline 0.012 -3"><span class='ocrx_word' id='word_1_181' title='bbox 108 1421 351 1462; x_wconf 83' lang='grc' dir='ltr'><em>παθοῦσιν.</em></span> 
     </span>
    </p>

    <p class='ocr_par' dir='ltr' id='par_1_7' title="bbox 106 1483 1777 1747">
     <span class='ocr_line' id='line_1_23' title="bbox 221 1483 1776 1543; baseline -0.003 -14"><span class='ocrx_word' id='word_1_182' title='bbox 221 1487 290 1529; x_wconf 92' lang='lat' dir='ltr'><em>IV.</em></span> <span class='ocrx_word' id='word_1_183' title='bbox 326 1492 362 1529; x_wconf 94' lang='lat'><em>1.</em></span> <span class='ocrx_word' id='word_1_184' title='bbox 389 1483 504 1543; x_wconf 73' lang='grc' dir='ltr'><em>’Ὴδη</em></span> <span class='ocrx_word' id='word_1_185' title='bbox 538 1487 584 1529; x_wconf 78' lang='grc' dir='ltr'><em>δὲ</em></span> <span class='ocrx_word' id='word_1_186' title='bbox 614 1488 700 1528; x_wconf 83' lang='grc' dir='ltr'><em>τῶν</em></span> <span class='ocrx_word' id='word_1_187' title='bbox 733 1485 809 1528; x_wconf 85' lang='grc' dir='ltr'><em>δύο</em></span> <span class='ocrx_word' id='word_1_188' title='bbox 841 1486 1075 1541; x_wconf 78' lang='grc' dir='ltr'><em>ταγμάτων</em></span> <span class='ocrx_word' id='word_1_189' title='bbox 1109 1484 1477 1528; x_wconf 87' lang='grc' dir='ltr'><em>συντετελεκότων</em></span> <span class='ocrx_word' id='word_1_190' title='bbox 1508 1483 1562 1526; x_wconf 82' lang='grc' dir='ltr'><em>τὰ</em></span> <span class='ocrx_word' id='word_1_191' title='bbox 1591 1483 1776 1537; x_wconf 76' lang='grc' dir='ltr'><em>χώματα</em></span> 
     </span>
     <span class='ocr_line' id='line_1_24' title="bbox 106 1550 1776 1610; baseline -0.002 -14"><span class='ocrx_word' id='word_1_192' title='bbox 106 1553 246 1596; x_wconf 79' lang='grc' dir='ltr'><em>Λώου</em></span> <span class='ocrx_word' id='word_1_193' title='bbox 267 1553 404 1610; x_wconf 83' lang='grc' dir='ltr'><em>μηνὸς</em></span> <span class='ocrx_word' id='word_1_194' title='bbox 425 1551 557 1610; x_wconf 76' lang='grc' dir='ltr'><em>ὀγδόῃ</em></span> <span class='ocrx_word' id='word_1_195' title='bbox 580 1553 823 1609; x_wconf 85' lang='grc' dir='ltr'><em>προσάγειν</em></span> <span class='ocrx_word' id='word_1_196' title='bbox 855 1552 1052 1596; x_wconf 77' lang='grc' dir='ltr'><em>ἐκέλευσε</em></span> <span class='ocrx_word' id='word_1_197' title='bbox 1081 1552 1184 1603; x_wconf 70' lang='grc' dir='ltr'><em>τοὺς</em></span> <span class='ocrx_word' id='word_1_198' title='bbox 1214 1552 1365 1608; x_wconf 74' lang='grc' dir='ltr'><em>κριοὺς</em></span> <span class='ocrx_word' id='word_1_199' title='bbox 1394 1550 1504 1594; x_wconf 82' lang='grc' dir='ltr'><em>κατὰ</em></span> <span class='ocrx_word' id='word_1_200' title='bbox 1534 1550 1612 1608; x_wconf 75' lang='grc' dir='ltr'><em>τὴν</em></span> <span class='ocrx_word' id='word_1_201' title='bbox 1644 1550 1776 1593; x_wconf 77' lang='grc' dir='ltr'><em>ἕσπέ-</em></span> 
     </span>
     <span class='ocr_line' id='line_1_25' title="bbox 107 1615 1776 1676; baseline -0.002 -13"><span class='ocrx_word' id='word_1_202' title='bbox 107 1638 203 1675; x_wconf 87' lang='grc' dir='ltr'><em>ριον</em></span> <span class='ocrx_word' id='word_1_203' title='bbox 234 1621 410 1676; x_wconf 78' lang='grc' dir='ltr'><em>ἐξέδραν</em></span> <span class='ocrx_word' id='word_1_204' title='bbox 448 1624 525 1664; x_wconf 79' lang='grc' dir='ltr'><em>τοῦ</em></span> <span class='ocrx_word' id='word_1_205' title='bbox 557 1621 725 1672; x_wconf 73' lang='grc' dir='ltr'><em>ἔξωθεν</em></span> <span class='ocrx_word' id='word_1_206' title='bbox 758 1622 889 1676; x_wconf 79' lang='grc' dir='ltr'><em>ἱεροῦ.</em></span> <span class='ocrx_word' id='word_1_207' title='bbox 959 1623 1045 1676; x_wconf 81' lang='grc' dir='ltr'><em>πρὸ</em></span> <span class='ocrx_word' id='word_1_208' title='bbox 1081 1621 1127 1663; x_wconf 79' lang='grc' dir='ltr'><em>δὲ</em></span> <span class='ocrx_word' id='word_1_209' title='bbox 1167 1620 1335 1663; x_wconf 85' lang='grc' dir='ltr'><em>τούτων</em></span> <span class='ocrx_word' id='word_1_210' title='bbox 1376 1619 1423 1669; x_wconf 73' lang='grc' dir='ltr'><em>ἓξ</em></span> <span class='ocrx_word' id='word_1_211' title='bbox 1450 1617 1614 1675; x_wconf 65' lang='grc' dir='ltr'><em>ἡμέρας</em></span> <span class='ocrx_word' id='word_1_212' title='bbox 1646 1615 1776 1660; x_wconf 73' lang='grc' dir='ltr'><em>ἀδια-</em></span> 
     </span>
     <span class='ocr_line' id='line_1_26' title="bbox 108 1681 1777 1747; baseline -0.002 -16"><span class='ocrx_word' id='word_1_213' title='bbox 108 1690 298 1739; x_wconf 82' lang='grc' dir='ltr'><em>λείπτως</em></span> <span class='ocrx_word' id='word_1_214' title='bbox 328 1687 353 1747; x_wconf 81' lang='grc' dir='ltr'>ἡ</span> <span class='ocrx_word' id='word_1_215' title='bbox 387 1689 652 1745; x_wconf 83' lang='grc' dir='ltr'><em>στερροτάτη</em></span> <span class='ocrx_word' id='word_1_216' title='bbox 686 1692 845 1732; x_wconf 79' lang='grc' dir='ltr'><em>πασιῦν</em></span> <span class='ocrx_word' id='word_1_217' title='bbox 877 1689 1084 1738; x_wconf 78' lang='grc' dir='ltr'><em>ἑλέπολις</em></span> <span class='ocrx_word' id='word_1_218' title='bbox 1115 1684 1344 1730; x_wconf 87' lang='grc' dir='ltr'><em>τύπτουσα</em></span> <span class='ocrx_word' id='word_1_219' title='bbox 1366 1686 1443 1729; x_wconf 82' lang='grc' dir='ltr'><em>τὸν</em></span> <span class='ocrx_word' id='word_1_220' title='bbox 1474 1695 1620 1739; x_wconf 83' lang='grc' dir='ltr'><em>τοῖχον</em></span> <span class='ocrx_word' id='word_1_221' title='bbox 1653 1681 1777 1728; x_wconf 66' lang='grc' dir='ltr'><em>οὐδὲν</em></span> 
     </span>
    </p>
   </div>
   <div class='ocr_carea' id='block_1_6' title="bbox 106 1751 1779 1814">
    <p class='ocr_par' dir='ltr' id='par_1_8' title="bbox 106 1751 1779 1814">
     <span class='ocr_line' id='line_1_27' title="bbox 106 1751 1779 1814; baseline -0.002 -16"><span class='ocrx_word' id='word_1_222' title='bbox 106 1752 274 1809; x_wconf 79' lang='grc' dir='ltr'><em>ἤνυσεν,</em></span> <span class='ocrx_word' id='word_1_223' title='bbox 307 1752 418 1798; x_wconf 76' lang='grc' dir='ltr'><em>ἄλλα</em></span> <span class='ocrx_word' id='word_1_224' title='bbox 449 1759 522 1800; x_wconf 82' lang='grc' dir='ltr'><em>καὶ</em></span> <span class='ocrx_word' id='word_1_225' title='bbox 554 1757 715 1814; x_wconf 89' lang='grc' dir='ltr'><em>ταύτης</em></span> <span class='ocrx_word' id='word_1_226' title='bbox 746 1759 820 1800; x_wconf 83' lang='grc' dir='ltr'><em>καὶ</em></span> <span class='ocrx_word' id='word_1_227' title='bbox 850 1759 937 1799; x_wconf 76' lang='grc' dir='ltr'><em>τῶν</em></span> <span class='ocrx_word' id='word_1_228' title='bbox 970 1753 1116 1798; x_wconf 73' lang='grc' dir='ltr'><em>ἄλλων</em></span> <span class='ocrx_word' id='word_1_229' title='bbox 1147 1755 1195 1798; x_wconf 89' lang='grc' dir='ltr'><em>τὸ</em></span> <span class='ocrx_word' id='word_1_230' title='bbox 1220 1755 1412 1809; x_wconf 82' lang='grc' dir='ltr'><em>μέγεθος</em></span> <span class='ocrx_word' id='word_1_231' title='bbox 1442 1755 1514 1796; x_wconf 82' lang='grc' dir='ltr'><em>καὶ</em></span> <span class='ocrx_word' id='word_1_232' title='bbox 1539 1751 1560 1811; x_wconf 71' lang='grc' dir='ltr'>ἡ</span> <span class='ocrx_word' id='word_1_233' title='bbox 1586 1751 1779 1807; x_wconf 76' lang='grc' dir='ltr'><em>ἁρμονία</em></span> 
     </span>
    </p>
   </div>
   <div class='ocr_carea' id='block_1_7' title="bbox 157 1869 1738 1887">
    <p class='ocr_par' dir='ltr' id='par_1_9' title="bbox 157 1869 1738 1887">
     <span class='ocr_line' id='line_1_28' title="bbox 157 1869 1738 1887; baseline 0 0"><span class='ocrx_word' id='word_1_234' title='bbox 157 1869 1738 1887; x_wconf 95' lang='lat' dir='ltr'><em> </em></span> 
     </span>
    </p>
   </div>
   <div class='ocr_carea' id='block_1_8' title="bbox 108 1943 1777 2048">
    <p class='ocr_par' dir='ltr' id='par_1_10' title="bbox 108 1943 1777 2048">
     <span class='ocr_line' id='line_1_29' title="bbox 221 1943 1777 1991; baseline -0.003 -10"><span class='ocrx_word' id='word_1_235' title='bbox 221 1946 758 1991; x_wconf 80' lang='lat' dir='ltr'>PAMLVRCLatHegesippus</span> <span class='ocrx_word' id='word_1_236' title='bbox 784 1947 816 1982; x_wconf 92' lang='lat' dir='ltr'><strong>V</strong></span> <span class='ocrx_word' id='word_1_237' title='bbox 841 1951 880 1982; x_wconf 87' lang='grc'><em>41</em></span> <span class='ocrx_word' id='word_1_238' title='bbox 910 1958 944 1991; x_wconf 87' lang='lat' dir='ltr'><em>p.</em></span> <span class='ocrx_word' id='word_1_239' title='bbox 972 1949 1049 1982; x_wconf 83' lang='grc'><strong>356.</strong></span> <span class='ocrx_word' id='word_1_240' title='bbox 1090 1947 1250 1982; x_wconf 79' lang='lat' dir='ltr'>Zonaras</span> <span class='ocrx_word' id='word_1_241' title='bbox 1275 1946 1290 1979; x_wconf 96' lang='lat' dir='ltr'>I</span> <span class='ocrx_word' id='word_1_242' title='bbox 1315 1957 1349 1991; x_wconf 90' lang='lat' dir='ltr'><em>p.</em></span> <span class='ocrx_word' id='word_1_243' title='bbox 1376 1948 1453 1980; x_wconf 79' lang='lat'><strong>539.</strong></span> <span class='ocrx_word' id='word_1_244' title='bbox 1491 1944 1670 1979; x_wconf 83' lang='lat' dir='ltr'>Eusebius</span> <span class='ocrx_word' id='word_1_245' title='bbox 1694 1943 1777 1978; x_wconf 84' lang='lat' dir='ltr'><strong>hist.</strong></span> 
     </span>
     <span class='ocr_line' id='line_1_30' title="bbox 108 2003 978 2048; baseline 0.001 -10"><span class='ocrx_word' id='word_1_246' title='bbox 108 2004 194 2038; x_wconf 86' lang='lat' dir='ltr'><strong>eccl.</strong></span> <span class='ocrx_word' id='word_1_247' title='bbox 220 2003 274 2038; x_wconf 92' lang='lat'><em>111</em></span> <span class='ocrx_word' id='word_1_248' title='bbox 293 2006 323 2046; x_wconf 93' lang='lat'><em>6,</em></span> <span class='ocrx_word' id='word_1_249' title='bbox 344 2006 396 2039; x_wconf 83' lang='lat'><em>16.</em></span> <span class='ocrx_word' id='word_1_250' title='bbox 433 2004 508 2040; x_wconf 86' lang='lat' dir='ltr'><strong>Ioh.</strong></span> <span class='ocrx_word' id='word_1_251' title='bbox 535 2004 810 2048; x_wconf 84' lang='lat' dir='ltr'>Chrysostomus</span> <span class='ocrx_word' id='word_1_252' title='bbox 831 2004 848 2038; x_wconf 97' lang='lat' dir='ltr'>I</span> <span class='ocrx_word' id='word_1_253' title='bbox 866 2015 901 2048; x_wconf 87' lang='lat' dir='ltr'><em>p.</em></span> <span class='ocrx_word' id='word_1_254' title='bbox 922 2007 978 2039; x_wconf 83' lang='grc'><em>52.</em></span> 
     </span>
    </p>
   </div>
   <div class='ocr_carea' id='block_1_9' title="bbox 110 2067 1784 2961">
    <p class='ocr_par' dir='ltr' id='par_1_11' title="bbox 110 2067 1784 2961">
     <span class='ocr_line' id='line_1_31' title="bbox 226 2067 1781 2118; baseline -0.002 -13"><span class='ocrx_word' id='word_1_255' title='bbox 226 2075 239 2105; x_wconf 91' lang='grc'><em>1</em></span> <span class='ocrx_word' id='word_1_256' title='bbox 267 2070 526 2115; x_wconf 81' lang='grc' dir='ltr'><em>λιμοττόντων</em></span> <span class='ocrx_word' id='word_1_257' title='bbox 551 2072 614 2105; x_wconf 92' lang='lat' dir='ltr'><em>PA</em></span> <span class='ocrx_word' id='word_1_258' title='bbox 753 2075 771 2106; x_wconf 85' lang='lat'>2</span> <span class='ocrx_word' id='word_1_259' title='bbox 798 2075 999 2118; x_wconf 82' lang='grc' dir='ltr'><em>τηλικαῦτα</em></span> <span class='ocrx_word' id='word_1_260' title='bbox 1023 2068 1123 2108; x_wconf 78' lang='grc' dir='ltr'><em>κακὰ</em></span> <span class='ocrx_word' id='word_1_261' title='bbox 1149 2073 1196 2106; x_wconf 78' lang='lat' dir='ltr'><em>tr.</em></span> <span class='ocrx_word' id='word_1_262' title='bbox 1224 2071 1336 2114; x_wconf 86' lang='lat' dir='ltr'><strong>Chrys</strong></span> <span class='ocrx_word' id='word_1_263' title='bbox 1464 2071 1679 2114; x_wconf 80' lang='grc' dir='ltr'><em>τηλικαῦτα]</em></span> <span class='ocrx_word' id='word_1_264' title='bbox 1703 2067 1781 2101; x_wconf 88' lang='lat' dir='ltr'><strong>finit</strong></span> 
     </span>
     <span class='ocr_line' id='line_1_32' title="bbox 110 2121 1780 2174; baseline -0.002 -12"><span class='ocrx_word' id='word_1_265' title='bbox 110 2127 289 2164; x_wconf 82' lang='lat' dir='ltr'>Eusebius</span> <span class='ocrx_word' id='word_1_266' title='bbox 382 2131 401 2162; x_wconf 86' lang='lat'><strong>3</strong></span> <span class='ocrx_word' id='word_1_267' title='bbox 426 2128 643 2174; x_wconf 77' lang='grc' dir='ltr'><em>ὁιηγγέλλθη</em></span> <span class='ocrx_word' id='word_1_268' title='bbox 668 2127 718 2161; x_wconf 83' lang='grc' dir='ltr'><em>Αι</em></span> <span class='ocrx_word' id='word_1_269' title='bbox 811 2129 849 2164; x_wconf 81' lang='grc' dir='ltr'><em>δὲ</em></span> <span class='ocrx_word' id='word_1_270' title='bbox 872 2127 967 2163; x_wconf 85' lang='lat' dir='ltr'><em>VRC</em></span> <span class='ocrx_word' id='word_1_271' title='bbox 978 2128 1090 2172; x_wconf 86' lang='lat' dir='ltr'>Chrys</span> <span class='ocrx_word' id='word_1_272' title='bbox 1184 2131 1204 2161; x_wconf 82' lang='grc'>4</span> <span class='ocrx_word' id='word_1_273' title='bbox 1230 2124 1416 2173; x_wconf 73' lang='grc' dir='ltr'><em>(ι’)’κτειραν</em></span> <span class='ocrx_word' id='word_1_274' title='bbox 1433 2125 1560 2160; x_wconf 85' lang='lat' dir='ltr'>LVRC</span> <span class='ocrx_word' id='word_1_275' title='bbox 1654 2121 1780 2160; x_wconf 74' lang='grc' dir='ltr'><em>ὤκτει-</em></span> 
     </span>
     <span class='ocr_line' id='line_1_33' title="bbox 110 2179 1780 2231; baseline -0.002 -10"><span class='ocrx_word' id='word_1_276' title='bbox 110 2197 181 2229; x_wconf 82' lang='grc' dir='ltr'><em>ραν</em></span> <span class='ocrx_word' id='word_1_277' title='bbox 204 2182 299 2222; x_wconf 66' lang='lat' dir='ltr'><em>roim</em></span> <span class='ocrx_word' id='word_1_278' title='bbox 323 2184 373 2227; x_wconf 75' lang='grc' dir='ltr'><em>δὲ,</em></span> <span class='ocrx_word' id='word_1_279' title='bbox 396 2184 462 2218; x_wconf 80' lang='lat' dir='ltr'><strong>litt.</strong></span> <span class='ocrx_word' id='word_1_280' title='bbox 491 2198 562 2231; x_wconf 88' lang='grc' dir='ltr'><em>ραν</em></span> <span class='ocrx_word' id='word_1_281' title='bbox 586 2183 681 2220; x_wconf 83' lang='grc' dir='ltr'><em>τοὺσ</em></span> <span class='ocrx_word' id='word_1_282' title='bbox 706 2187 726 2219; x_wconf 78' lang='grc' dir='ltr'><em>δ</em></span> <span class='ocrx_word' id='word_1_283' title='bbox 747 2184 770 2219; x_wconf 90' lang='lat' dir='ltr'><em>i.</em></span> <span class='ocrx_word' id='word_1_284' title='bbox 797 2194 868 2219; x_wconf 83' lang='lat' dir='ltr'><strong>ras.</strong></span> <span class='ocrx_word' id='word_1_285' title='bbox 894 2185 924 2218; x_wconf 90' lang='lat' dir='ltr'>L</span> <span class='ocrx_word' id='word_1_286' title='bbox 1050 2184 1226 2226; x_wconf 67' lang='grc' dir='ltr'><em>πολλοὺς]</em></span> <span class='ocrx_word' id='word_1_287' title='bbox 1254 2181 1415 2219; x_wconf 74' lang='grc' dir='ltr'><em>λοιποὺσ</em></span> <span class='ocrx_word' id='word_1_288' title='bbox 1439 2182 1469 2216; x_wconf 93' lang='lat' dir='ltr'>L</span> <span class='ocrx_word' id='word_1_289' title='bbox 1614 2179 1780 2228; x_wconf 77' lang='grc' dir='ltr'><em>σφοδρό-</em></span> 
     </span>
     <span class='ocr_line' id='line_1_34' title="bbox 110 2235 1691 2289; baseline -0.004 -11"><span class='ocrx_word' id='word_1_290' title='bbox 110 2255 224 2289; x_wconf 86' lang='grc' dir='ltr'><em>τερον</em></span> <span class='ocrx_word' id='word_1_291' title='bbox 248 2244 316 2277; x_wconf 85' lang='grc' dir='ltr'><em>τοῦ</em></span> <span class='ocrx_word' id='word_1_292' title='bbox 341 2238 481 2277; x_wconf 72' lang='grc' dir='ltr'><em>ἔθνουσ</em></span> <span class='ocrx_word' id='word_1_293' title='bbox 504 2244 548 2274; x_wconf 80' lang='lat' dir='ltr'><em>tr.</em></span> <span class='ocrx_word' id='word_1_294' title='bbox 573 2241 603 2275; x_wconf 92' lang='lat' dir='ltr'>L</span> <span class='ocrx_word' id='word_1_295' title='bbox 675 2243 693 2273; x_wconf 80' lang='lat'>5</span> <span class='ocrx_word' id='word_1_296' title='bbox 720 2244 936 2287; x_wconf 75' lang='grc' dir='ltr'><em>προελθεῖν]</em></span> <span class='ocrx_word' id='word_1_297' title='bbox 963 2240 1023 2275; x_wconf 87' lang='lat' dir='ltr'><em>fin.</em></span> <span class='ocrx_word' id='word_1_298' title='bbox 1051 2240 1164 2284; x_wconf 85' lang='lat' dir='ltr'><strong>Chrys</strong></span> <span class='ocrx_word' id='word_1_299' title='bbox 1259 2235 1293 2274; x_wconf 76' lang='grc' dir='ltr'><em>δ’</em></span> <span class='ocrx_word' id='word_1_300' title='bbox 1320 2239 1345 2273; x_wconf 91' lang='lat' dir='ltr'>C</span> <span class='ocrx_word' id='word_1_301' title='bbox 1438 2240 1501 2274; x_wconf 80' lang='grc' dir='ltr'><em>καὶ</em></span> <span class='ocrx_word' id='word_1_302' title='bbox 1527 2247 1595 2272; x_wconf 90' lang='lat' dir='ltr'><em>om.</em></span> <span class='ocrx_word' id='word_1_303' title='bbox 1622 2237 1691 2272; x_wconf 85' lang='lat' dir='ltr'><em>Lat</em></span> 
     </span>
     <span class='ocr_line' id='line_1_35' title="bbox 111 2291 1713 2344; baseline -0.002 -12"><span class='ocrx_word' id='word_1_304' title='bbox 111 2300 130 2332; x_wconf 84' lang='lat'><strong>6</strong></span> <span class='ocrx_word' id='word_1_305' title='bbox 155 2293 284 2339; x_wconf 79' lang='grc' dir='ltr'><em>αὐτοῦ]</em></span> <span class='ocrx_word' id='word_1_306' title='bbox 310 2292 451 2333; x_wconf 75' lang='grc' dir='ltr'><em>αὖτοὺσ</em></span> <span class='ocrx_word' id='word_1_307' title='bbox 475 2297 542 2332; x_wconf 87' lang='lat' dir='ltr'><em>VR</em></span> <span class='ocrx_word' id='word_1_308' title='bbox 612 2296 807 2333; x_wconf 81' lang='grc' dir='ltr'><em>ἰουδαίουσ</em></span> <span class='ocrx_word' id='word_1_309' title='bbox 831 2297 861 2331; x_wconf 90' lang='lat' dir='ltr'>L</span> <span class='ocrx_word' id='word_1_310' title='bbox 956 2300 973 2330; x_wconf 78' lang='lat'><strong>7</strong></span> <span class='ocrx_word' id='word_1_311' title='bbox 1002 2293 1295 2344; x_wconf 73' lang='grc' dir='ltr'><em>προῦτείνεσθαι</em></span> <span class='ocrx_word' id='word_1_312' title='bbox 1322 2295 1348 2329; x_wconf 92' lang='lat' dir='ltr'>C</span> <span class='ocrx_word' id='word_1_313' title='bbox 1431 2291 1662 2341; x_wconf 79' lang='grc' dir='ltr'><em>άμνηστείαν</em></span> <span class='ocrx_word' id='word_1_314' title='bbox 1687 2295 1713 2329; x_wconf 84' lang='lat' dir='ltr'>C</span> 
     </span>
     <span class='ocr_line' id='line_1_36' title="bbox 113 2349 1714 2398; baseline -0.002 -9"><span class='ocrx_word' id='word_1_315' title='bbox 113 2357 130 2389; x_wconf 83' lang='grc'>8</span> <span class='ocrx_word' id='word_1_316' title='bbox 157 2350 193 2390; x_wconf 75' lang='grc' dir='ltr'><em>δ’</em></span> <span class='ocrx_word' id='word_1_317' title='bbox 217 2354 248 2388; x_wconf 91' lang='lat' dir='ltr'>L</span> <span class='ocrx_word' id='word_1_318' title='bbox 344 2349 547 2398; x_wconf 82' lang='grc' dir='ltr'><em>ὃμοινοίασ</em></span> <span class='ocrx_word' id='word_1_319' title='bbox 571 2352 623 2386; x_wconf 86' lang='lat' dir='ltr'><em>A¹</em></span> <span class='ocrx_word' id='word_1_320' title='bbox 715 2349 750 2388; x_wconf 76' lang='grc' dir='ltr'><em>δ’</em></span> <span class='ocrx_word' id='word_1_321' title='bbox 775 2353 806 2387; x_wconf 93' lang='lat' dir='ltr'>L</span> <span class='ocrx_word' id='word_1_322' title='bbox 905 2356 925 2387; x_wconf 82' lang='lat'>9</span> <span class='ocrx_word' id='word_1_323' title='bbox 950 2354 988 2389; x_wconf 77' lang='grc' dir='ltr'><em>δὲ</em></span> <span class='ocrx_word' id='word_1_324' title='bbox 1012 2356 1087 2394; x_wconf 83' lang='grc' dir='ltr'><em>καὶ]</em></span> <span class='ocrx_word' id='word_1_325' title='bbox 1113 2353 1151 2389; x_wconf 77' lang='grc' dir='ltr'><em>δέ</em></span> <span class='ocrx_word' id='word_1_326' title='bbox 1177 2366 1235 2388; x_wconf 87' lang='grc' dir='ltr'><em>τοι</em></span> <span class='ocrx_word' id='word_1_327' title='bbox 1260 2354 1322 2388; x_wconf 82' lang='grc' dir='ltr'><em>καὶ</em></span> <span class='ocrx_word' id='word_1_328' title='bbox 1347 2352 1377 2386; x_wconf 89' lang='lat' dir='ltr'>L</span> <span class='ocrx_word' id='word_1_329' title='bbox 1456 2351 1494 2388; x_wconf 79' lang='grc' dir='ltr'><em>δὲ</em></span> <span class='ocrx_word' id='word_1_330' title='bbox 1517 2351 1662 2386; x_wconf 84' lang='lat' dir='ltr'>iterauit</span> <span class='ocrx_word' id='word_1_331' title='bbox 1687 2350 1714 2385; x_wconf 91' lang='lat' dir='ltr'>C</span> 
     </span>
     <span class='ocr_line' id='line_1_37' title="bbox 115 2403 1782 2456; baseline -0.001 -12"><span class='ocrx_word' id='word_1_332' title='bbox 115 2413 153 2445; x_wconf 91' lang='lat'><em>10</em></span> <span class='ocrx_word' id='word_1_333' title='bbox 178 2406 284 2455; x_wconf 75' lang='grc' dir='ltr'><em>ὑμῶν</em></span> <span class='ocrx_word' id='word_1_334' title='bbox 307 2409 336 2443; x_wconf 93' lang='lat' dir='ltr'>L</span> <span class='ocrx_word' id='word_1_335' title='bbox 430 2405 571 2451; x_wconf 75' lang='grc' dir='ltr'><em>αὐτοῖς]</em></span> <span class='ocrx_word' id='word_1_336' title='bbox 597 2408 764 2443; x_wconf 76' lang='lat' dir='ltr'>PALLat</span> <span class='ocrx_word' id='word_1_337' title='bbox 789 2405 930 2446; x_wconf 76' lang='grc' dir='ltr'><em>αὖτοὺσ</em></span> <span class='ocrx_word' id='word_1_338' title='bbox 954 2409 1090 2444; x_wconf 85' lang='lat' dir='ltr'>MVRC</span> <span class='ocrx_word' id='word_1_339' title='bbox 1164 2413 1199 2444; x_wconf 85' lang='lat'><em>11</em></span> <span class='ocrx_word' id='word_1_340' title='bbox 1232 2409 1371 2453; x_wconf 84' lang='grc' dir='ltr'><em>μέντοι]</em></span> <span class='ocrx_word' id='word_1_341' title='bbox 1395 2408 1465 2453; x_wconf 82' lang='grc' dir='ltr'><em>μέν</em></span> <span class='ocrx_word' id='word_1_342' title='bbox 1489 2408 1516 2442; x_wconf 89' lang='grc' dir='ltr'>Ρ</span> <span class='ocrx_word' id='word_1_343' title='bbox 1602 2409 1641 2442; x_wconf 89' lang='grc'><em>12</em></span> <span class='ocrx_word' id='word_1_344' title='bbox 1669 2403 1782 2456; x_wconf 73' lang='grc' dir='ltr'><em>αὐτῷ]</em></span> 
     </span>
     <span class='ocr_line' id='line_1_38' title="bbox 113 2461 1714 2512; baseline -0.002 -9"><span class='ocrx_word' id='word_1_345' title='bbox 113 2461 232 2503; x_wconf 76' lang='grc' dir='ltr'><em>αὐτὸν</em></span> <span class='ocrx_word' id='word_1_346' title='bbox 255 2476 299 2501; x_wconf 87' lang='lat' dir='ltr'><em>ex</em></span> <span class='ocrx_word' id='word_1_347' title='bbox 325 2474 415 2500; x_wconf 86' lang='lat' dir='ltr'><strong>corr.</strong></span> <span class='ocrx_word' id='word_1_348' title='bbox 441 2465 485 2506; x_wconf 94' lang='lat' dir='ltr'><em>A,</em></span> <span class='ocrx_word' id='word_1_349' title='bbox 511 2476 579 2500; x_wconf 90' lang='lat' dir='ltr'><em>om.</em></span> <span class='ocrx_word' id='word_1_350' title='bbox 606 2465 676 2499; x_wconf 84' lang='lat' dir='ltr'><em>Lat</em></span> <span class='ocrx_word' id='word_1_351' title='bbox 772 2467 809 2499; x_wconf 88' lang='lat'><em>13</em></span> <span class='ocrx_word' id='word_1_352' title='bbox 836 2468 904 2501; x_wconf 81' lang='grc' dir='ltr'><em>τῶι</em></span> <span class='ocrx_word' id='word_1_353' title='bbox 929 2461 1037 2511; x_wconf 71' lang='grc' dir='ltr'><em>ἡλίωι</em></span> <span class='ocrx_word' id='word_1_354' title='bbox 1065 2465 1095 2500; x_wconf 95' lang='lat' dir='ltr'>L</span> <span class='ocrx_word' id='word_1_355' title='bbox 1165 2465 1349 2512; x_wconf 84' lang='grc' dir='ltr'><em>μητέραισ</em></span> <span class='ocrx_word' id='word_1_356' title='bbox 1373 2466 1407 2500; x_wconf 90' lang='grc' dir='ltr'><strong>Α</strong></span> <span class='ocrx_word' id='word_1_357' title='bbox 1477 2463 1660 2510; x_wconf 81' lang='grc' dir='ltr'><em>προσήκει</em></span> <span class='ocrx_word' id='word_1_358' title='bbox 1684 2464 1714 2498; x_wconf 91' lang='lat' dir='ltr'>L</span> 
     </span>
     <span class='ocr_line' id='line_1_39' title="bbox 116 2516 1783 2569; baseline -0.001 -12"><span class='ocrx_word' id='word_1_359' title='bbox 116 2525 155 2557; x_wconf 85' lang='lat'><em>16</em></span> <span class='ocrx_word' id='word_1_360' title='bbox 181 2520 416 2569; x_wconf 82' lang='grc' dir='ltr'><em>σωφρονίσαι</em></span> <span class='ocrx_word' id='word_1_361' title='bbox 441 2521 501 2556; x_wconf 90' lang='lat' dir='ltr'><em>PL</em></span> <span class='ocrx_word' id='word_1_362' title='bbox 620 2524 659 2556; x_wconf 79' lang='lat'><em>17</em></span> <span class='ocrx_word' id='word_1_363' title='bbox 686 2519 943 2568; x_wconf 76' lang='grc' dir='ltr'><em>προπεπονθό</em></span> <span class='ocrx_word' id='word_1_364' title='bbox 963 2534 1065 2564; x_wconf 86' lang='grc' dir='ltr'><em>·τασ,</em></span> <span class='ocrx_word' id='word_1_365' title='bbox 1091 2531 1182 2556; x_wconf 83' lang='lat' dir='ltr'><strong>eras.</strong></span> <span class='ocrx_word' id='word_1_366' title='bbox 1209 2535 1230 2556; x_wconf 87' lang='grc' dir='ltr'><em>ν</em></span> <span class='ocrx_word' id='word_1_367' title='bbox 1253 2521 1286 2556; x_wconf 91' lang='lat' dir='ltr'><strong>V</strong></span> <span class='ocrx_word' id='word_1_368' title='bbox 1409 2516 1473 2566; x_wconf 72' lang='grc' dir='ltr'><em>ἐφ’</em></span> <span class='ocrx_word' id='word_1_369' title='bbox 1500 2516 1556 2562; x_wconf 76' lang='grc' dir='ltr'><em>οἷς</em></span> <span class='ocrx_word' id='word_1_370' title='bbox 1580 2540 1622 2544; x_wconf 87' lang='grc'><strong>-</strong></span> <span class='ocrx_word' id='word_1_371' title='bbox 1651 2523 1690 2554; x_wconf 84' lang='grc'><em>18</em></span> <span class='ocrx_word' id='word_1_372' title='bbox 1715 2533 1783 2556; x_wconf 85' lang='grc' dir='ltr'><em>πα-</em></span> 
     </span>
     <span class='ocr_line' id='line_1_40' title="bbox 113 2576 1706 2624; baseline -0.002 -11"><span class='ocrx_word' id='word_1_373' title='bbox 113 2580 259 2619; x_wconf 79' lang='grc' dir='ltr'><em>θοῦσιν]</em></span> <span class='ocrx_word' id='word_1_374' title='bbox 285 2577 415 2623; x_wconf 80' lang='lat' dir='ltr'><em>quibus</em></span> <span class='ocrx_word' id='word_1_375' title='bbox 439 2581 631 2623; x_wconf 76' lang='lat' dir='ltr'><em>antequam</em></span> <span class='ocrx_word' id='word_1_376' title='bbox 657 2589 699 2612; x_wconf 80' lang='lat' dir='ltr'><em>ea</em></span> <span class='ocrx_word' id='word_1_377' title='bbox 717 2582 938 2624; x_wconf 77' lang='lat' dir='ltr'><em>paterentur</em></span> <span class='ocrx_word' id='word_1_378' title='bbox 962 2582 1102 2613; x_wconf 75' lang='lat' dir='ltr'><em>mutare</em></span> <span class='ocrx_word' id='word_1_379' title='bbox 1126 2578 1341 2612; x_wconf 72' lang='lat' dir='ltr'><em>sententiam</em></span> <span class='ocrx_word' id='word_1_380' title='bbox 1366 2577 1611 2623; x_wconf 71' lang='lat' dir='ltr'><em>sperabantur</em></span> <span class='ocrx_word' id='word_1_381' title='bbox 1634 2576 1706 2611; x_wconf 82' lang='lat' dir='ltr'><em>Lat</em></span> 
     </span>
     <span class='ocr_line' id='line_1_41' title="bbox 114 2629 1783 2680; baseline -0.001 -11"><span class='ocrx_word' id='word_1_382' title='bbox 114 2630 420 2680; x_wconf 78' lang='grc' dir='ltr'><em>μετὰβαλλέσθαι</em></span> <span class='ocrx_word' id='word_1_383' title='bbox 452 2635 484 2668; x_wconf 89' lang='grc' dir='ltr'><strong>Α</strong></span> <span class='ocrx_word' id='word_1_384' title='bbox 506 2631 815 2680; x_wconf 75' lang='grc' dir='ltr'><em>μεταβάλλεσθαι</em></span> <span class='ocrx_word' id='word_1_385' title='bbox 839 2634 870 2668; x_wconf 92' lang='lat' dir='ltr'>L</span> <span class='ocrx_word' id='word_1_386' title='bbox 984 2630 1033 2679; x_wconf 71' lang='grc' dir='ltr'><em>μὴ</em></span> <span class='ocrx_word' id='word_1_387' title='bbox 1060 2636 1261 2675; x_wconf 73' lang='grc' dir='ltr'><em>παθοῦσιν]</em></span> <span class='ocrx_word' id='word_1_388' title='bbox 1294 2630 1548 2669; x_wconf 71' lang='grc' dir='ltr'><em>πεπονθότασ</em></span> <span class='ocrx_word' id='word_1_389' title='bbox 1581 2632 1607 2666; x_wconf 87' lang='lat' dir='ltr'>C</span> <span class='ocrx_word' id='word_1_390' title='bbox 1640 2631 1689 2678; x_wconf 76' lang='grc' dir='ltr'><em>μὴ</em></span> <span class='ocrx_word' id='word_1_391' title='bbox 1715 2629 1783 2668; x_wconf 83' lang='grc' dir='ltr'><em>πά-</em></span> 
     </span>
     <span class='ocr_line' id='line_1_42' title="bbox 114 2685 1784 2737; baseline -0.002 -12"><span class='ocrx_word' id='word_1_392' title='bbox 114 2693 234 2725; x_wconf 79' lang='grc' dir='ltr'><em>θωσιν</em></span> <span class='ocrx_word' id='word_1_393' title='bbox 248 2689 370 2723; x_wconf 81' lang='lat' dir='ltr'>Naber</span> <span class='ocrx_word' id='word_1_394' title='bbox 449 2692 489 2724; x_wconf 83' lang='lat'><em>19</em></span> <span class='ocrx_word' id='word_1_395' title='bbox 512 2690 534 2723; x_wconf 89' lang='lat' dir='ltr'><em>i.</em></span> <span class='ocrx_word' id='word_1_396' title='bbox 552 2699 659 2734; x_wconf 83' lang='lat' dir='ltr'><strong>marg.</strong></span> <span class='ocrx_word' id='word_1_397' title='bbox 677 2688 743 2737; x_wconf 83' lang='grc' dir='ltr'><em>κβ’</em></span> <span class='ocrx_word' id='word_1_398' title='bbox 763 2690 791 2725; x_wconf 87' lang='lat' dir='ltr'>C</span> <span class='ocrx_word' id='word_1_399' title='bbox 862 2694 903 2725; x_wconf 89' lang='grc'><em>20</em></span> <span class='ocrx_word' id='word_1_400' title='bbox 932 2685 1061 2736; x_wconf 78' lang='grc' dir='ltr'><em>ὀγδόῃ]</em></span> <span class='ocrx_word' id='word_1_401' title='bbox 1080 2694 1100 2735; x_wconf 79' lang='grc' dir='ltr'><em>ἦ</em></span> <span class='ocrx_word' id='word_1_402' title='bbox 1119 2689 1148 2723; x_wconf 93' lang='lat' dir='ltr'>L</span> <span class='ocrx_word' id='word_1_403' title='bbox 1229 2690 1296 2725; x_wconf 93' lang='lat' dir='ltr'><em>Loi</em></span> <span class='ocrx_word' id='word_1_404' title='bbox 1321 2692 1352 2724; x_wconf 81' lang='lat' dir='ltr'><em>S.</em></span> <span class='ocrx_word' id='word_1_405' title='bbox 1379 2689 1454 2724; x_wconf 74' lang='lat' dir='ltr'><strong>dIes</strong></span> <span class='ocrx_word' id='word_1_406' title='bbox 1479 2692 1533 2723; x_wconf 80' lang='lat' dir='ltr'><em>est</em></span> <span class='ocrx_word' id='word_1_407' title='bbox 1558 2692 1611 2723; x_wconf 85' lang='lat'><em>27.</em></span> <span class='ocrx_word' id='word_1_408' title='bbox 1631 2688 1784 2732; x_wconf 83' lang='lat' dir='ltr'>Augusti</span> 
     </span>
     <span class='ocr_line' id='line_1_43' title="bbox 116 2742 1714 2793; baseline 0.001 -14"><span class='ocrx_word' id='word_1_409' title='bbox 116 2744 178 2786; x_wconf 86' lang='lat' dir='ltr'><em>(Vl</em></span> <span class='ocrx_word' id='word_1_410' title='bbox 201 2745 237 2781; x_wconf 86' lang='lat' dir='ltr'><em>k.</em></span> <span class='ocrx_word' id='word_1_411' title='bbox 264 2745 377 2789; x_wconf 86' lang='lat' dir='ltr'><strong>Sept.)</strong></span> <span class='ocrx_word' id='word_1_412' title='bbox 401 2745 486 2779; x_wconf 87' lang='lat' dir='ltr'>anni</span> <span class='ocrx_word' id='word_1_413' title='bbox 508 2745 639 2780; x_wconf 84' lang='lat' dir='ltr'>Iuliani</span> <span class='ocrx_word' id='word_1_414' title='bbox 663 2750 718 2788; x_wconf 76' lang='lat'><em>(70</em></span> <span class='ocrx_word' id='word_1_415' title='bbox 735 2758 770 2791; x_wconf 94' lang='lat' dir='ltr'><em>p.</em></span> <span class='ocrx_word' id='word_1_416' title='bbox 790 2747 887 2789; x_wconf 88' lang='lat' dir='ltr'><strong>Chr.)</strong></span> <span class='ocrx_word' id='word_1_417' title='bbox 959 2751 1221 2793; x_wconf 85' lang='grc' dir='ltr'><em>προσαγαγεῖν</em></span> <span class='ocrx_word' id='word_1_418' title='bbox 1244 2746 1275 2780; x_wconf 93' lang='lat' dir='ltr'>L</span> <span class='ocrx_word' id='word_1_419' title='bbox 1344 2742 1455 2786; x_wconf 83' lang='grc' dir='ltr'><em>κατὰ]</em></span> <span class='ocrx_word' id='word_1_420' title='bbox 1479 2747 1543 2781; x_wconf 82' lang='grc' dir='ltr'><em>καὶ</em></span> <span class='ocrx_word' id='word_1_421' title='bbox 1567 2743 1664 2782; x_wconf 80' lang='grc' dir='ltr'><em>κατὰ</em></span> <span class='ocrx_word' id='word_1_422' title='bbox 1686 2745 1714 2780; x_wconf 92' lang='lat' dir='ltr'>P</span> 
     </span>
     <span class='ocr_line' id='line_1_44' title="bbox 118 2796 1782 2845; baseline 0.001 -11"><span class='ocrx_word' id='word_1_423' title='bbox 118 2801 158 2834; x_wconf 88' lang='grc'><em>21</em></span> <span class='ocrx_word' id='word_1_424' title='bbox 185 2796 338 2842; x_wconf 73' lang='grc' dir='ltr'><em>ἔξωθεν]</em></span> <span class='ocrx_word' id='word_1_425' title='bbox 362 2798 485 2838; x_wconf 71' lang='grc' dir='ltr'><em>ἕωθεν</em></span> <span class='ocrx_word' id='word_1_426' title='bbox 498 2801 577 2837; x_wconf 84' lang='lat' dir='ltr'><em>PA¹</em></span> <span class='ocrx_word' id='word_1_427' title='bbox 601 2799 748 2839; x_wconf 72' lang='grc' dir='ltr'><em>ἔσωθεν</em></span> <span class='ocrx_word' id='word_1_428' title='bbox 764 2802 933 2838; x_wconf 81' lang='lat' dir='ltr'>MLVRC</span> <span class='ocrx_word' id='word_1_429' title='bbox 953 2806 988 2836; x_wconf 80' lang='lat' dir='ltr'><em>et</em></span> <span class='ocrx_word' id='word_1_430' title='bbox 1013 2812 1057 2836; x_wconf 83' lang='lat' dir='ltr'><em>ex</em></span> <span class='ocrx_word' id='word_1_431' title='bbox 1082 2812 1174 2836; x_wconf 83' lang='lat' dir='ltr'><strong>corr.</strong></span> <span class='ocrx_word' id='word_1_432' title='bbox 1201 2802 1233 2835; x_wconf 95' lang='lat' dir='ltr'>A</span> <span class='ocrx_word' id='word_1_433' title='bbox 1257 2802 1451 2837; x_wconf 71' lang='lat' dir='ltr'><em>exterioris</em></span> <span class='ocrx_word' id='word_1_434' title='bbox 1475 2801 1567 2844; x_wconf 84' lang='lat' dir='ltr'>Lat;</span> <span class='ocrx_word' id='word_1_435' title='bbox 1594 2801 1640 2836; x_wconf 86' lang='lat' dir='ltr'><em>cf.</em></span> <span class='ocrx_word' id='word_1_436' title='bbox 1667 2802 1688 2845; x_wconf 66' lang='grc' dir='ltr'>ξ</span> <span class='ocrx_word' id='word_1_437' title='bbox 1709 2804 1782 2836; x_wconf 88' lang='lat'><strong>151.</strong></span> 
     </span>
     <span class='ocr_line' id='line_1_45' title="bbox 118 2851 1784 2906; baseline 0.002 -18"><span class='ocrx_word' id='word_1_438' title='bbox 118 2857 195 2890; x_wconf 83' lang='lat'><strong>245.</strong></span> <span class='ocrx_word' id='word_1_439' title='bbox 213 2859 277 2890; x_wconf 84' lang='lat'><em>250</em></span> <span class='ocrx_word' id='word_1_440' title='bbox 370 2855 460 2903; x_wconf 81' lang='grc' dir='ltr'><em>πρὸ]</em></span> <span class='ocrx_word' id='word_1_441' title='bbox 485 2855 588 2905; x_wconf 81' lang='grc' dir='ltr'><em>πρόσ</em></span> <span class='ocrx_word' id='word_1_442' title='bbox 613 2858 639 2893; x_wconf 91' lang='lat' dir='ltr'>C</span> <span class='ocrx_word' id='word_1_443' title='bbox 742 2855 903 2906; x_wconf 78' lang='grc' dir='ltr'><em>ἡμέραισ</em></span> <span class='ocrx_word' id='word_1_444' title='bbox 927 2858 1097 2893; x_wconf 88' lang='lat' dir='ltr'><strong>AMVRC</strong></span> <span class='ocrx_word' id='word_1_445' title='bbox 1213 2860 1255 2892; x_wconf 85' lang='lat'><em>22</em></span> <span class='ocrx_word' id='word_1_446' title='bbox 1281 2856 1526 2904; x_wconf 82' lang='grc' dir='ltr'><em>στερρωτάτη</em></span> <span class='ocrx_word' id='word_1_447' title='bbox 1551 2857 1576 2891; x_wconf 91' lang='lat' dir='ltr'>C</span> <span class='ocrx_word' id='word_1_448' title='bbox 1669 2851 1784 2902; x_wconf 80' lang='grc' dir='ltr'><em>τύχον</em></span> 
     </span>
     <span class='ocr_line' id='line_1_46' title="bbox 118 2909 1277 2961; baseline 0.003 -17"><span class='ocrx_word' id='word_1_449' title='bbox 118 2909 197 2945; x_wconf 84' lang='lat' dir='ltr'><em>P¹R</em></span> <span class='ocrx_word' id='word_1_450' title='bbox 221 2914 256 2945; x_wconf 82' lang='lat' dir='ltr'><em>et</em></span> <span class='ocrx_word' id='word_1_451' title='bbox 281 2914 322 2946; x_wconf 78' lang='lat' dir='ltr'><em>ut</em></span> <span class='ocrx_word' id='word_1_452' title='bbox 346 2912 418 2948; x_wconf 87' lang='lat' dir='ltr'><strong>uid.</strong></span> <span class='ocrx_word' id='word_1_453' title='bbox 442 2913 492 2948; x_wconf 84' lang='lat' dir='ltr'><em>V¹</em></span> <span class='ocrx_word' id='word_1_454' title='bbox 584 2916 625 2948; x_wconf 91' lang='grc'><em>23</em></span> <span class='ocrx_word' id='word_1_455' title='bbox 652 2915 719 2951; x_wconf 85' lang='grc' dir='ltr'><em>τοῦ</em></span> <span class='ocrx_word' id='word_1_456' title='bbox 744 2912 930 2961; x_wconf 74' lang='grc' dir='ltr'><em>μεγέθους</em></span> <span class='ocrx_word' id='word_1_457' title='bbox 954 2914 1082 2958; x_wconf 86' lang='lat' dir='ltr'>legisse</span> <span class='ocrx_word' id='word_1_458' title='bbox 1107 2913 1180 2949; x_wconf 88' lang='lat' dir='ltr'><strong>uid.</strong></span> <span class='ocrx_word' id='word_1_459' title='bbox 1206 2913 1277 2949; x_wconf 87' lang='lat' dir='ltr'><em>Lat</em></span> 
     </span>
    </p>
   </div>
   <div class='ocr_carea' id='block_1_10' title="bbox 1802 402 1884 442">
    <p class='ocr_par' dir='ltr' id='par_1_12' title="bbox 1802 402 1884 442">
     <span class='ocr_line' id='line_1_47' title="bbox 1802 402 1884 442; baseline 0 0"><span class='ocrx_word' id='word_1_460' title='bbox 1802 402 1884 442; x_wconf 80' lang='lat'><em>214</em></span> 
     </span>
    </p>
   </div>
   <div class='ocr_carea' id='block_1_11' title="bbox 1802 539 1883 578">
    <p class='ocr_par' dir='ltr' id='par_1_13' title="bbox 1802 539 1883 578">
     <span class='ocr_line' id='line_1_48' title="bbox 1802 539 1883 578; baseline 0 0"><span class='ocrx_word' id='word_1_461' title='bbox 1802 539 1883 578; x_wconf 84' lang='lat'><em>215</em></span> 
     </span>
    </p>
   </div>
   <div class='ocr_carea' id='block_1_12' title="bbox 1804 742 1884 782">
    <p class='ocr_par' dir='ltr' id='par_1_14' title="bbox 1804 742 1884 782">
     <span class='ocr_line' id='line_1_49' title="bbox 1804 742 1884 782; baseline 0 -1"><span class='ocrx_word' id='word_1_462' title='bbox 1804 742 1884 782; x_wconf 84' lang='grc'><em>216</em></span> 
     </span>
    </p>
   </div>
   <div class='ocr_carea' id='block_1_13' title="bbox 1805 943 1885 982">
    <p class='ocr_par' dir='ltr' id='par_1_15' title="bbox 1805 943 1885 982">
     <span class='ocr_line' id='line_1_50' title="bbox 1805 943 1885 982; baseline 0.013 -1"><span class='ocrx_word' id='word_1_463' title='bbox 1805 943 1885 982; x_wconf 82' lang='lat'><em>217</em></span> 
     </span>
    </p>
   </div>
   <div class='ocr_carea' id='block_1_14' title="bbox 1806 1078 1886 1118">
    <p class='ocr_par' dir='ltr' id='par_1_16' title="bbox 1806 1078 1886 1118">
     <span class='ocr_line' id='line_1_51' title="bbox 1806 1078 1886 1118; baseline 0.013 -1"><span class='ocrx_word' id='word_1_464' title='bbox 1806 1078 1886 1118; x_wconf 69' lang='lat'><em>218</em></span> 
     </span>
    </p>
   </div>
  </div>
 </body>
</html>
