<?xml version="1.0" encoding="UTF-8"?>
<!DOCTYPE html PUBLIC "-//W3C//DTD XHTML 1.0 Transitional//EN"
    "http://www.w3.org/TR/xhtml1/DTD/xhtml1-transitional.dtd">
<html xmlns="http://www.w3.org/1999/xhtml" xml:lang="en" lang="en">
 <head>
  <title>
</title>
<meta http-equiv="Content-Type" content="text/html;charset=utf-8" />
  <meta name='ocr-system' content='tesseract 3.04.00' />
  <meta name='ocr-capabilities' content='ocr_page ocr_carea ocr_par ocr_line ocrx_word'/>
</head>
<body>
  <div class='ocr_page' id='page_1' title='image "./operajosephus06joseuoft_0035.png"; bbox 0 0 2039 3282; ppageno 0'>
   <div class='ocr_carea' id='block_1_1' title="bbox 838 179 1762 215">
    <p class='ocr_par' dir='ltr' id='par_1_1' title="bbox 838 179 1762 215">
     <span class='ocr_line' id='line_1_1' title="bbox 838 179 1762 215; baseline -0.003 -1"><span class='ocrx_word' id='word_1_1' title='bbox 838 180 1026 215; x_wconf 73' lang='lat' dir='ltr'>Praefatio.</span> <span class='ocrx_word' id='word_1_2' title='bbox 1642 179 1762 212; x_wconf 80' lang='lat' dir='ltr'>XXXI</span> 
     </span>
    </p>
   </div>
   <div class='ocr_carea' id='block_1_2' title="bbox 92 293 1764 1826">
    <p class='ocr_par' dir='ltr' id='par_1_2' title="bbox 92 293 1762 958">
     <span class='ocr_line' id='line_1_2' title="bbox 94 293 1762 351; baseline -0.002 -12"><span class='ocrx_word' id='word_1_3' title='bbox 94 303 180 339; x_wconf 87' lang='lat' dir='ltr'>tum</span> <span class='ocrx_word' id='word_1_4' title='bbox 207 310 344 351; x_wconf 85' lang='lat' dir='ltr'>pauca</span> <span class='ocrx_word' id='word_1_5' title='bbox 369 296 525 349; x_wconf 88' lang='lat' dir='ltr'>optime</span> <span class='ocrx_word' id='word_1_6' title='bbox 553 294 796 336; x_wconf 84' lang='lat' dir='ltr'>emcndauit</span> <span class='ocrx_word' id='word_1_7' title='bbox 822 294 863 335; x_wconf 91' lang='lat' dir='ltr'>in</span> <span class='ocrx_word' id='word_1_8' title='bbox 890 294 1084 335; x_wconf 89' lang='lat' dir='ltr'>omnibus</span> <span class='ocrx_word' id='word_1_9' title='bbox 1111 294 1286 346; x_wconf 85' lang='lat' dir='ltr'>reliquis</span> <span class='ocrx_word' id='word_1_10' title='bbox 1321 293 1440 336; x_wconf 87' lang='lat' dir='ltr'>libris</span> <span class='ocrx_word' id='word_1_11' title='bbox 1470 298 1681 347; x_wconf 86' lang='lat' dir='ltr'>corrupta,</span> <span class='ocrx_word' id='word_1_12' title='bbox 1717 298 1762 335; x_wconf 90' lang='lat' dir='ltr'>ut</span> 
     </span>
     <span class='ocr_line' id='line_1_3' title="bbox 93 361 1762 418; baseline -0.004 -13"><span class='ocrx_word' id='word_1_13' title='bbox 93 379 132 418; x_wconf 92' lang='lat' dir='ltr'>p.</span> <span class='ocrx_word' id='word_1_14' title='bbox 155 367 246 415; x_wconf 80' lang='grc'><strong>191,</strong></span> <span class='ocrx_word' id='word_1_15' title='bbox 272 366 316 406; x_wconf 91' lang='grc'>13</span> <span class='ocrx_word' id='word_1_16' title='bbox 334 363 501 405; x_wconf 88' lang='lat' dir='ltr'>addidit</span> <span class='ocrx_word' id='word_1_17' title='bbox 518 361 588 414; x_wconf 69' lang='grc' dir='ltr'>ὁὲς</span> <span class='ocrx_word' id='word_1_18' title='bbox 613 376 651 416; x_wconf 89' lang='lat' dir='ltr'>p.</span> <span class='ocrx_word' id='word_1_19' title='bbox 672 366 766 415; x_wconf 73' lang='grc'><strong>3112,</strong></span> <span class='ocrx_word' id='word_1_20' title='bbox 788 366 836 403; x_wconf 81' lang='lat' dir='ltr'>lo</span> <span class='ocrx_word' id='word_1_21' title='bbox 864 369 1015 402; x_wconf 58' lang='grc' dir='ltr'>1ιέσελν</span> <span class='ocrx_word' id='word_1_22' title='bbox 1041 374 1094 403; x_wconf 83' lang='lat' dir='ltr'>ex</span> <span class='ocrx_word' id='word_1_23' title='bbox 1120 361 1279 401; x_wconf 74' lang='grc' dir='ltr'><em>παισὶν</em></span> <span class='ocrx_word' id='word_1_24' title='bbox 1304 361 1422 415; x_wconf 74' lang='lat' dir='ltr'>fecit,</span> <span class='ocrx_word' id='word_1_25' title='bbox 1450 376 1489 416; x_wconf 90' lang='lat' dir='ltr'>p.</span> <span class='ocrx_word' id='word_1_26' title='bbox 1511 364 1605 414; x_wconf 78' lang='grc'><strong>311),</strong></span> <span class='ocrx_word' id='word_1_27' title='bbox 1629 364 1676 402; x_wconf 77' lang='lat'>14</span> <span class='ocrx_word' id='word_1_28' title='bbox 1698 361 1762 414; x_wconf 72' lang='grc' dir='ltr'>τῷ</span> 
     </span>
     <span class='ocr_line' id='line_1_4' title="bbox 93 427 1759 486; baseline -0.002 -14"><span class='ocrx_word' id='word_1_29' title='bbox 93 430 202 472; x_wconf 78' lang='grc' dir='ltr'>κατὰ</span> <span class='ocrx_word' id='word_1_30' title='bbox 234 431 352 486; x_wconf 76' lang='grc' dir='ltr'><strong><em>σφᾶς</em></strong></span> <span class='ocrx_word' id='word_1_31' title='bbox 380 430 498 472; x_wconf 81' lang='lat' dir='ltr'>dedit</span> <span class='ocrx_word' id='word_1_32' title='bbox 521 444 595 483; x_wconf 90' lang='lat' dir='ltr'>pro</span> <span class='ocrx_word' id='word_1_33' title='bbox 626 430 710 470; x_wconf 63' lang='grc' dir='ltr'>τῶν</span> <span class='ocrx_word' id='word_1_34' title='bbox 732 427 841 470; x_wconf 77' lang='grc' dir='ltr'>κατὰ</span> <span class='ocrx_word' id='word_1_35' title='bbox 865 430 1003 483; x_wconf 69' lang='grc' dir='ltr'>σφᾱς;</span> <span class='ocrx_word' id='word_1_36' title='bbox 1035 443 1073 482; x_wconf 88' lang='lat' dir='ltr'>p.</span> <span class='ocrx_word' id='word_1_37' title='bbox 1102 431 1195 482; x_wconf 67' lang='lat'>407,</span> <span class='ocrx_word' id='word_1_38' title='bbox 1224 431 1270 470; x_wconf 71' lang='lat'>18</span> <span class='ocrx_word' id='word_1_39' title='bbox 1294 429 1363 470; x_wconf 81' lang='grc' dir='ltr'>καὶ</span> <span class='ocrx_word' id='word_1_40' title='bbox 1388 427 1462 469; x_wconf 35' lang='grc' dir='ltr'>ἑιεὶ</span> <span class='ocrx_word' id='word_1_41' title='bbox 1491 429 1567 482; x_wconf 70' lang='grc' dir='ltr'>γῆς</span> <span class='ocrx_word' id='word_1_42' title='bbox 1588 442 1664 482; x_wconf 90' lang='lat' dir='ltr'>pro</span> <span class='ocrx_word' id='word_1_43' title='bbox 1686 428 1759 468; x_wconf 84' lang='grc' dir='ltr'>καὶ</span> 
     </span>
     <span class='ocr_line' id='line_1_5' title="bbox 94 497 1758 554; baseline -0.001 -15"><span class='ocrx_word' id='word_1_44' title='bbox 94 502 247 554; x_wconf 69' lang='grc' dir='ltr'><em>πηγῆς.</em></span> <span class='ocrx_word' id='word_1_45' title='bbox 298 498 402 540; x_wconf 89' lang='lat' dir='ltr'>alibi</span> <span class='ocrx_word' id='word_1_46' title='bbox 425 498 503 539; x_wconf 87' lang='lat' dir='ltr'>etsi</span> <span class='ocrx_word' id='word_1_47' title='bbox 534 512 616 539; x_wconf 92' lang='lat' dir='ltr'>non</span> <span class='ocrx_word' id='word_1_48' title='bbox 639 511 739 540; x_wconf 89' lang='lat' dir='ltr'>uera</span> <span class='ocrx_word' id='word_1_49' title='bbox 761 497 969 550; x_wconf 89' lang='lat' dir='ltr'>uidentur,</span> <span class='ocrx_word' id='word_1_50' title='bbox 1003 497 1173 538; x_wconf 90' lang='lat' dir='ltr'>minime</span> <span class='ocrx_word' id='word_1_51' title='bbox 1205 502 1344 538; x_wconf 88' lang='lat' dir='ltr'>tamen</span> <span class='ocrx_word' id='word_1_52' title='bbox 1367 497 1511 550; x_wconf 85' lang='lat' dir='ltr'>inepta</span> <span class='ocrx_word' id='word_1_53' title='bbox 1533 500 1628 538; x_wconf 86' lang='lat' dir='ltr'>sunt</span> <span class='ocrx_word' id='word_1_54' title='bbox 1650 510 1758 549; x_wconf 84' lang='lat' dir='ltr'>quae</span> 
     </span>
     <span class='ocr_line' id='line_1_6' title="bbox 94 558 1759 620; baseline -0.002 -12"><span class='ocrx_word' id='word_1_55' title='bbox 94 567 244 619; x_wconf 90' lang='lat' dir='ltr'>intulit,</span> <span class='ocrx_word' id='word_1_56' title='bbox 268 570 313 608; x_wconf 89' lang='lat' dir='ltr'>ut</span> <span class='ocrx_word' id='word_1_57' title='bbox 334 580 373 620; x_wconf 90' lang='lat' dir='ltr'>p.</span> <span class='ocrx_word' id='word_1_58' title='bbox 394 567 487 618; x_wconf 87' lang='lat'>399,</span> <span class='ocrx_word' id='word_1_59' title='bbox 511 568 557 605; x_wconf 79' lang='lat'>14</span> <span class='ocrx_word' id='word_1_60' title='bbox 580 566 754 607; x_wconf 81' lang='lat' dir='ltr'>inseruit</span> <span class='ocrx_word' id='word_1_61' title='bbox 775 558 867 605; x_wconf 64' lang='grc' dir='ltr'>εἶθ’</span> <span class='ocrx_word' id='word_1_62' title='bbox 886 598 895 618; x_wconf 86' lang='grc'><strong>,</strong></span> <span class='ocrx_word' id='word_1_63' title='bbox 918 571 959 606; x_wconf 89' lang='lat' dir='ltr'>et</span> <span class='ocrx_word' id='word_1_64' title='bbox 981 567 1073 616; x_wconf 92' lang='grc'><strong>616,</strong></span> <span class='ocrx_word' id='word_1_65' title='bbox 1104 567 1150 603; x_wconf 74' lang='lat'>14</span> <span class='ocrx_word' id='word_1_66' title='bbox 1174 561 1298 614; x_wconf 71' lang='grc' dir='ltr'>ἴσμεν</span> <span class='ocrx_word' id='word_1_67' title='bbox 1321 563 1433 615; x_wconf 87' lang='lat' dir='ltr'>quod</span> <span class='ocrx_word' id='word_1_68' title='bbox 1456 564 1634 605; x_wconf 68' lang='lat' dir='ltr'>fortasse</span> <span class='ocrx_word' id='word_1_69' title='bbox 1655 564 1759 605; x_wconf 88' lang='lat' dir='ltr'>reci-</span> 
     </span>
     <span class='ocr_line' id='line_1_7' title="bbox 92 629 1760 688; baseline -0.003 -12"><span class='ocrx_word' id='word_1_70' title='bbox 92 634 293 688; x_wconf 89' lang='lat' dir='ltr'>piendum</span> <span class='ocrx_word' id='word_1_71' title='bbox 316 638 380 676; x_wconf 91' lang='lat' dir='ltr'>est</span> <span class='ocrx_word' id='word_1_72' title='bbox 398 635 436 684; x_wconf 91' lang='lat'>¹).</span> <span class='ocrx_word' id='word_1_73' title='bbox 490 647 627 686; x_wconf 76' lang='lat' dir='ltr'>neque</span> <span class='ocrx_word' id='word_1_74' title='bbox 665 634 774 675; x_wconf 88' lang='lat' dir='ltr'>enim</span> <span class='ocrx_word' id='word_1_75' title='bbox 806 633 967 674; x_wconf 87' lang='lat' dir='ltr'>librarii</span> <span class='ocrx_word' id='word_1_76' title='bbox 999 631 1165 673; x_wconf 86' lang='lat' dir='ltr'>libidini</span> <span class='ocrx_word' id='word_1_77' title='bbox 1198 629 1304 672; x_wconf 89' lang='lat' dir='ltr'>haec</span> <span class='ocrx_word' id='word_1_78' title='bbox 1335 629 1482 671; x_wconf 85' lang='lat' dir='ltr'>deberi</span> <span class='ocrx_word' id='word_1_79' title='bbox 1514 645 1564 673; x_wconf 92' lang='lat' dir='ltr'>eo</span> <span class='ocrx_word' id='word_1_80' title='bbox 1587 631 1760 672; x_wconf 89' lang='lat' dir='ltr'>demon-</span> 
     </span>
     <span class='ocr_line' id='line_1_8' title="bbox 94 695 1757 755; baseline -0.004 -11"><span class='ocrx_word' id='word_1_81' title='bbox 94 706 268 755; x_wconf 87' lang='lat' dir='ltr'>stratur,</span> <span class='ocrx_word' id='word_1_82' title='bbox 311 701 425 755; x_wconf 89' lang='lat' dir='ltr'>quod</span> <span class='ocrx_word' id='word_1_83' title='bbox 467 701 676 743; x_wconf 90' lang='lat' dir='ltr'>interdum</span> <span class='ocrx_word' id='word_1_84' title='bbox 723 714 816 743; x_wconf 90' lang='lat' dir='ltr'>cum</span> <span class='ocrx_word' id='word_1_85' title='bbox 859 700 937 741; x_wconf 89' lang='lat' dir='ltr'>Lat</span> <span class='ocrx_word' id='word_1_86' title='bbox 976 699 1220 750; x_wconf 90' lang='lat' dir='ltr'>concinunt,</span> <span class='ocrx_word' id='word_1_87' title='bbox 1263 698 1378 739; x_wconf 91' lang='lat' dir='ltr'>uelut</span> <span class='ocrx_word' id='word_1_88' title='bbox 1418 711 1456 750; x_wconf 88' lang='lat' dir='ltr'>p.</span> <span class='ocrx_word' id='word_1_89' title='bbox 1489 701 1526 753; x_wconf 82' lang='grc'><strong>6,</strong></span> <span class='ocrx_word' id='word_1_90' title='bbox 1551 702 1574 739; x_wconf 85' lang='grc'><strong>9</strong></span> <span class='ocrx_word' id='word_1_91' title='bbox 1616 695 1670 738; x_wconf 72' lang='grc' dir='ltr'>τὰ</span> <span class='ocrx_word' id='word_1_92' title='bbox 1700 695 1757 751; x_wconf 78' lang='grc' dir='ltr'>μὴ</span> 
     </span>
     <span class='ocr_line' id='line_1_9' title="bbox 93 760 1759 823; baseline -0.002 -14"><span class='ocrx_word' id='word_1_93' title='bbox 93 771 480 823; x_wconf 65' lang='grc' dir='ltr'><em>προϊστορηθέντα</em></span> <span class='ocrx_word' id='word_1_94' title='bbox 512 774 722 811; x_wconf 90' lang='lat' dir='ltr'>corrector</span> <span class='ocrx_word' id='word_1_95' title='bbox 753 768 872 810; x_wconf 84' lang='lat' dir='ltr'>dedit</span> <span class='ocrx_word' id='word_1_96' title='bbox 903 781 997 810; x_wconf 90' lang='lat' dir='ltr'>cum</span> <span class='ocrx_word' id='word_1_97' title='bbox 1029 766 1108 807; x_wconf 88' lang='lat' dir='ltr'>Lat</span> <span class='ocrx_word' id='word_1_98' title='bbox 1125 767 1179 820; x_wconf 76' lang='lat'>2),</span> <span class='ocrx_word' id='word_1_99' title='bbox 1220 764 1452 818; x_wconf 90' lang='lat' dir='ltr'>itidemque</span> <span class='ocrx_word' id='word_1_100' title='bbox 1485 779 1524 819; x_wconf 89' lang='lat' dir='ltr'>p.</span> <span class='ocrx_word' id='word_1_101' title='bbox 1560 768 1700 819; x_wconf 30' lang='lat' dir='ltr'>*11s,7</span> <span class='ocrx_word' id='word_1_102' title='bbox 1736 760 1759 820; x_wconf 83' lang='grc' dir='ltr'>ἡ</span> 
     </span>
     <span class='ocr_line' id='line_1_10' title="bbox 95 830 1760 891; baseline -0.001 -14"><span class='ocrx_word' id='word_1_103' title='bbox 95 835 280 891; x_wconf 75' lang='grc' dir='ltr'><em>στρατιὰ</em></span> <span class='ocrx_word' id='word_1_104' title='bbox 314 833 529 887; x_wconf 71' lang='grc' dir='ltr'><strong>’Όθωνος,</strong></span> <span class='ocrx_word' id='word_1_105' title='bbox 562 836 744 890; x_wconf 77' lang='lat' dir='ltr'>denique</span> <span class='ocrx_word' id='word_1_106' title='bbox 776 850 815 890; x_wconf 90' lang='lat' dir='ltr'>p.</span> <span class='ocrx_word' id='word_1_107' title='bbox 848 838 941 887; x_wconf 71' lang='lat'>401,</span> <span class='ocrx_word' id='word_1_108' title='bbox 962 836 1011 875; x_wconf 79' lang='lat'>23</span> <span class='ocrx_word' id='word_1_109' title='bbox 1035 847 1127 876; x_wconf 83' lang='lat' dir='ltr'>eum</span> <span class='ocrx_word' id='word_1_110' title='bbox 1152 833 1231 874; x_wconf 78' lang='lat' dir='ltr'>Lat</span> <span class='ocrx_word' id='word_1_111' title='bbox 1260 832 1381 873; x_wconf 76' lang='lat' dir='ltr'>addit</span> <span class='ocrx_word' id='word_1_112' title='bbox 1413 830 1636 874; x_wconf 62' lang='grc' dir='ltr'>δύνασθαι</span> <span class='ocrx_word' id='word_1_113' title='bbox 1668 834 1760 875; x_wconf 77' lang='lat' dir='ltr'>sine</span> 
     </span>
     <span class='ocr_line' id='line_1_11' title="bbox 94 904 741 958; baseline -0.003 -12"><span class='ocrx_word' id='word_1_114' title='bbox 94 904 224 947; x_wconf 90' lang='lat' dir='ltr'>dubio</span> <span class='ocrx_word' id='word_1_115' title='bbox 257 918 283 946; x_wconf 88' lang='lat' dir='ltr'>a</span> <span class='ocrx_word' id='word_1_116' title='bbox 313 904 496 958; x_wconf 90' lang='lat' dir='ltr'>Iosepho</span> <span class='ocrx_word' id='word_1_117' title='bbox 528 905 741 957; x_wconf 87' lang='lat' dir='ltr'>scriptum.</span> 
     </span>
    </p>

    <p class='ocr_par' dir='ltr' id='par_1_3' title="bbox 93 968 1764 1826">
     <span class='ocr_line' id='line_1_12' title="bbox 199 968 1759 1027; baseline -0.004 -12"><span class='ocrx_word' id='word_1_118' title='bbox 199 974 358 1027; x_wconf 80' lang='lat' dir='ltr'>Restat,</span> <span class='ocrx_word' id='word_1_119' title='bbox 385 977 429 1014; x_wconf 94' lang='lat' dir='ltr'>ut</span> <span class='ocrx_word' id='word_1_120' title='bbox 446 972 498 1014; x_wconf 90' lang='lat' dir='ltr'>de</span> <span class='ocrx_word' id='word_1_121' title='bbox 516 971 810 1024; x_wconf 88' lang='lat' dir='ltr'>discrepantiis</span> <span class='ocrx_word' id='word_1_122' title='bbox 833 970 1065 1024; x_wconf 76' lang='lat' dir='ltr'>scripturae</span> <span class='ocrx_word' id='word_1_123' title='bbox 1086 968 1264 1021; x_wconf 88' lang='lat' dir='ltr'>dicatur,</span> <span class='ocrx_word' id='word_1_124' title='bbox 1288 981 1397 1020; x_wconf 87' lang='lat' dir='ltr'>quae</span> <span class='ocrx_word' id='word_1_125' title='bbox 1423 972 1569 1009; x_wconf 79' lang='lat' dir='ltr'>extant</span> <span class='ocrx_word' id='word_1_126' title='bbox 1590 968 1630 1008; x_wconf 91' lang='lat' dir='ltr'>in</span> <span class='ocrx_word' id='word_1_127' title='bbox 1654 981 1759 1008; x_wconf 82' lang='lat' dir='ltr'>mar-</span> 
     </span>
     <span class='ocr_line' id='line_1_13' title="bbox 94 1035 1760 1093; baseline -0.004 -12"><span class='ocrx_word' id='word_1_128' title='bbox 94 1041 191 1093; x_wconf 85' lang='lat' dir='ltr'>gine</span> <span class='ocrx_word' id='word_1_129' title='bbox 214 1040 407 1083; x_wconf 88' lang='lat' dir='ltr'>codicum</span> <span class='ocrx_word' id='word_1_130' title='bbox 432 1040 517 1092; x_wconf 89' lang='lat' dir='ltr'>PA,</span> <span class='ocrx_word' id='word_1_131' title='bbox 540 1052 647 1093; x_wconf 87' lang='lat' dir='ltr'>quae</span> <span class='ocrx_word' id='word_1_132' title='bbox 671 1037 841 1091; x_wconf 90' lang='lat' dir='ltr'>quidem</span> <span class='ocrx_word' id='word_1_133' title='bbox 863 1037 950 1078; x_wconf 86' lang='lat' dir='ltr'>fere</span> <span class='ocrx_word' id='word_1_134' title='bbox 974 1049 1119 1078; x_wconf 89' lang='lat' dir='ltr'>omnes</span> <span class='ocrx_word' id='word_1_135' title='bbox 1142 1036 1183 1076; x_wconf 93' lang='lat' dir='ltr'>in</span> <span class='ocrx_word' id='word_1_136' title='bbox 1207 1040 1384 1089; x_wconf 89' lang='lat' dir='ltr'>utroque</span> <span class='ocrx_word' id='word_1_137' title='bbox 1406 1035 1553 1077; x_wconf 88' lang='lat' dir='ltr'>codice</span> <span class='ocrx_word' id='word_1_138' title='bbox 1584 1035 1760 1076; x_wconf 86' lang='lat' dir='ltr'>eaedem</span> 
     </span>
     <span class='ocr_line' id='line_1_14' title="bbox 95 1102 1760 1162; baseline -0.005 -12"><span class='ocrx_word' id='word_1_139' title='bbox 95 1112 210 1162; x_wconf 83' lang='lat' dir='ltr'>sunt,</span> <span class='ocrx_word' id='word_1_140' title='bbox 252 1108 363 1150; x_wconf 89' lang='lat' dir='ltr'>unde</span> <span class='ocrx_word' id='word_1_141' title='bbox 393 1108 602 1161; x_wconf 87' lang='lat' dir='ltr'>sequitur,</span> <span class='ocrx_word' id='word_1_142' title='bbox 637 1111 680 1148; x_wconf 89' lang='lat' dir='ltr'>ut</span> <span class='ocrx_word' id='word_1_143' title='bbox 710 1118 838 1159; x_wconf 88' lang='lat' dir='ltr'>supra</span> <span class='ocrx_word' id='word_1_144' title='bbox 868 1103 1200 1146; x_wconf 87' lang='lat' dir='ltr'>demonstratum</span> <span class='ocrx_word' id='word_1_145' title='bbox 1233 1108 1316 1156; x_wconf 87' lang='lat' dir='ltr'>est,</span> <span class='ocrx_word' id='word_1_146' title='bbox 1358 1104 1441 1145; x_wconf 87' lang='lat' dir='ltr'>iam</span> <span class='ocrx_word' id='word_1_147' title='bbox 1481 1102 1760 1156; x_wconf 81' lang='lat' dir='ltr'>archetypum</span> 
     </span>
     <span class='ocr_line' id='line_1_15' title="bbox 95 1170 1760 1228; baseline -0.004 -11"><span class='ocrx_word' id='word_1_148' title='bbox 95 1189 147 1217; x_wconf 82' lang='lat' dir='ltr'>ea</span> <span class='ocrx_word' id='word_1_149' title='bbox 179 1175 391 1218; x_wconf 88' lang='lat' dir='ltr'>habuisse.</span> <span class='ocrx_word' id='word_1_150' title='bbox 452 1174 604 1228; x_wconf 90' lang='lat' dir='ltr'>quibus</span> <span class='ocrx_word' id='word_1_151' title='bbox 643 1172 954 1215; x_wconf 80' lang='lat' dir='ltr'>adnotamentis</span> <span class='ocrx_word' id='word_1_152' title='bbox 994 1171 1204 1214; x_wconf 88' lang='lat' dir='ltr'>interdum</span> <span class='ocrx_word' id='word_1_153' title='bbox 1247 1171 1353 1212; x_wconf 83' lang='lat' dir='ltr'>uitia</span> <span class='ocrx_word' id='word_1_154' title='bbox 1394 1170 1605 1224; x_wconf 82' lang='lat' dir='ltr'>quaedam</span> <span class='ocrx_word' id='word_1_155' title='bbox 1647 1175 1760 1211; x_wconf 87' lang='lat' dir='ltr'>recte</span> 
     </span>
     <span class='ocr_line' id='line_1_16' title="bbox 95 1237 1761 1297; baseline -0.005 -12"><span class='ocrx_word' id='word_1_156' title='bbox 95 1243 383 1297; x_wconf 86' lang='lat' dir='ltr'>emendantur,</span> <span class='ocrx_word' id='word_1_157' title='bbox 414 1243 530 1284; x_wconf 90' lang='lat' dir='ltr'>uelut</span> <span class='ocrx_word' id='word_1_158' title='bbox 561 1255 599 1295; x_wconf 92' lang='lat' dir='ltr'>p.</span> <span class='ocrx_word' id='word_1_159' title='bbox 624 1243 718 1294; x_wconf 84' lang='grc'><strong>222,</strong></span> <span class='ocrx_word' id='word_1_160' title='bbox 745 1242 808 1293; x_wconf 88' lang='grc'>16,</span> <span class='ocrx_word' id='word_1_161' title='bbox 841 1240 911 1281; x_wconf 92' lang='lat' dir='ltr'>ubi</span> <span class='ocrx_word' id='word_1_162' title='bbox 943 1240 985 1281; x_wconf 92' lang='lat' dir='ltr'>in</span> <span class='ocrx_word' id='word_1_163' title='bbox 1017 1240 1207 1293; x_wconf 79' lang='lat' dir='ltr'>margine</span> <span class='ocrx_word' id='word_1_164' title='bbox 1240 1244 1304 1281; x_wconf 89' lang='lat' dir='ltr'>est</span> <span class='ocrx_word' id='word_1_165' title='bbox 1340 1237 1396 1289; x_wconf 69' lang='grc' dir='ltr'>ἕξ,</span> <span class='ocrx_word' id='word_1_166' title='bbox 1430 1238 1543 1292; x_wconf 87' lang='lat' dir='ltr'>quod</span> <span class='ocrx_word' id='word_1_167' title='bbox 1566 1239 1607 1279; x_wconf 91' lang='lat' dir='ltr'>in</span> <span class='ocrx_word' id='word_1_168' title='bbox 1639 1242 1761 1279; x_wconf 78' lang='lat' dir='ltr'>textu</span> 
     </span>
     <span class='ocr_line' id='line_1_17' title="bbox 95 1306 1761 1364; baseline -0.004 -12"><span class='ocrx_word' id='word_1_169' title='bbox 95 1311 249 1364; x_wconf 85' lang='lat' dir='ltr'>legitur</span> <span class='ocrx_word' id='word_1_170' title='bbox 269 1317 378 1361; x_wconf 80' lang='grc' dir='ltr'><strong>ταῖς,</strong></span> <span class='ocrx_word' id='word_1_171' title='bbox 411 1315 452 1352; x_wconf 93' lang='lat' dir='ltr'>et</span> <span class='ocrx_word' id='word_1_172' title='bbox 474 1324 512 1363; x_wconf 90' lang='lat' dir='ltr'>p.</span> <span class='ocrx_word' id='word_1_173' title='bbox 538 1312 632 1362; x_wconf 88' lang='grc'><strong>366,</strong></span> <span class='ocrx_word' id='word_1_174' title='bbox 659 1312 675 1349; x_wconf 94' lang='grc'>1</span> <span class='ocrx_word' id='word_1_175' title='bbox 704 1312 745 1350; x_wconf 91' lang='lat' dir='ltr'>et</span> <span class='ocrx_word' id='word_1_176' title='bbox 767 1310 790 1348; x_wconf 89' lang='lat'>5</span> <span class='ocrx_word' id='word_1_177' title='bbox 813 1308 855 1349; x_wconf 92' lang='lat' dir='ltr'>in</span> <span class='ocrx_word' id='word_1_178' title='bbox 878 1307 1067 1361; x_wconf 81' lang='lat' dir='ltr'>margine</span> <span class='ocrx_word' id='word_1_179' title='bbox 1089 1307 1175 1349; x_wconf 86' lang='lat' dir='ltr'>alia</span> <span class='ocrx_word' id='word_1_180' title='bbox 1206 1306 1481 1360; x_wconf 84' lang='lat' dir='ltr'>corriguntur,</span> <span class='ocrx_word' id='word_1_181' title='bbox 1514 1306 1599 1347; x_wconf 87' lang='lat' dir='ltr'>alia</span> <span class='ocrx_word' id='word_1_182' title='bbox 1621 1310 1761 1347; x_wconf 90' lang='lat' dir='ltr'>tamen</span> 
     </span>
     <span class='ocr_line' id='line_1_18' title="bbox 95 1373 1762 1432; baseline -0.004 -13"><span class='ocrx_word' id='word_1_183' title='bbox 95 1379 230 1421; x_wconf 88' lang='lat' dir='ltr'>minus</span> <span class='ocrx_word' id='word_1_184' title='bbox 261 1377 483 1432; x_wconf 85' lang='lat' dir='ltr'>probanda</span> <span class='ocrx_word' id='word_1_185' title='bbox 514 1381 620 1420; x_wconf 86' lang='lat' dir='ltr'>sunt.</span> <span class='ocrx_word' id='word_1_186' title='bbox 683 1376 889 1418; x_wconf 78' lang='lat' dir='ltr'>consentit</span> <span class='ocrx_word' id='word_1_187' title='bbox 922 1374 988 1416; x_wconf 92' lang='lat' dir='ltr'>his</span> <span class='ocrx_word' id='word_1_188' title='bbox 1019 1375 1123 1417; x_wconf 89' lang='lat' dir='ltr'>locis</span> <span class='ocrx_word' id='word_1_189' title='bbox 1164 1388 1309 1427; x_wconf 82' lang='lat' dir='ltr'>margo</span> <span class='ocrx_word' id='word_1_190' title='bbox 1350 1388 1443 1416; x_wconf 87' lang='lat' dir='ltr'>cum</span> <span class='ocrx_word' id='word_1_191' title='bbox 1483 1373 1762 1415; x_wconf 86' lang='lat' dir='ltr'>deterioribus</span> 
     </span>
     <span class='ocr_line' id='line_1_19' title="bbox 94 1441 1763 1495; baseline -0.004 -8"><span class='ocrx_word' id='word_1_192' title='bbox 94 1446 225 1489; x_wconf 89' lang='lat' dir='ltr'>libris.</span> <span class='ocrx_word' id='word_1_193' title='bbox 291 1445 475 1487; x_wconf 80' lang='lat' dir='ltr'>maxime</span> <span class='ocrx_word' id='word_1_194' title='bbox 505 1459 606 1488; x_wconf 88' lang='lat' dir='ltr'>uero</span> <span class='ocrx_word' id='word_1_195' title='bbox 649 1444 943 1486; x_wconf 81' lang='lat' dir='ltr'>memorabiles</span> <span class='ocrx_word' id='word_1_196' title='bbox 983 1446 1079 1485; x_wconf 80' lang='lat' dir='ltr'>sunt</span> <span class='ocrx_word' id='word_1_197' title='bbox 1117 1443 1199 1485; x_wconf 93' lang='lat' dir='ltr'>loci</span> <span class='ocrx_word' id='word_1_198' title='bbox 1240 1443 1324 1483; x_wconf 90' lang='lat' dir='ltr'>iam</span> <span class='ocrx_word' id='word_1_199' title='bbox 1364 1455 1490 1495; x_wconf 89' lang='lat' dir='ltr'>supra</span> <span class='ocrx_word' id='word_1_200' title='bbox 1521 1443 1576 1495; x_wconf 91' lang='lat' dir='ltr'>(p.</span> <span class='ocrx_word' id='word_1_201' title='bbox 1600 1441 1763 1490; x_wconf 78' lang='lat' dir='ltr'>XXHI)</span> 
     </span>
     <span class='ocr_line' id='line_1_20' title="bbox 96 1509 1764 1566; baseline -0.004 -11"><span class='ocrx_word' id='word_1_202' title='bbox 96 1514 334 1566; x_wconf 89' lang='lat' dir='ltr'>memorati,</span> <span class='ocrx_word' id='word_1_203' title='bbox 388 1526 428 1566; x_wconf 88' lang='lat' dir='ltr'>p.</span> <span class='ocrx_word' id='word_1_204' title='bbox 473 1514 573 1566; x_wconf 85' lang='grc'><strong>391,</strong></span> <span class='ocrx_word' id='word_1_205' title='bbox 613 1514 636 1553; x_wconf 95' lang='grc'><strong>6</strong></span> <span class='ocrx_word' id='word_1_206' title='bbox 678 1516 719 1554; x_wconf 89' lang='lat' dir='ltr'>et</span> <span class='ocrx_word' id='word_1_207' title='bbox 764 1513 866 1565; x_wconf 87' lang='lat'>393,</span> <span class='ocrx_word' id='word_1_208' title='bbox 910 1514 952 1564; x_wconf 91' lang='lat'>1,</span> <span class='ocrx_word' id='word_1_209' title='bbox 996 1510 1066 1552; x_wconf 88' lang='lat' dir='ltr'>ubi</span> <span class='ocrx_word' id='word_1_210' title='bbox 1124 1510 1310 1552; x_wconf 89' lang='lat' dir='ltr'>omnium</span> <span class='ocrx_word' id='word_1_211' title='bbox 1365 1509 1558 1551; x_wconf 88' lang='lat' dir='ltr'>codicum</span> <span class='ocrx_word' id='word_1_212' title='bbox 1611 1509 1764 1551; x_wconf 89' lang='lat' dir='ltr'>lacuna</span> 
     </span>
     <span class='ocr_line' id='line_1_21' title="bbox 94 1576 1761 1633; baseline -0.004 -10"><span class='ocrx_word' id='word_1_213' title='bbox 94 1580 408 1623; x_wconf 84' lang='lat' dir='ltr'>adnotamentis</span> <span class='ocrx_word' id='word_1_214' title='bbox 438 1580 744 1633; x_wconf 84' lang='lat' dir='ltr'>marginalibus</span> <span class='ocrx_word' id='word_1_215' title='bbox 776 1579 991 1633; x_wconf 78' lang='lat' dir='ltr'>expletur,</span> <span class='ocrx_word' id='word_1_216' title='bbox 1035 1578 1147 1620; x_wconf 91' lang='lat' dir='ltr'>unde</span> <span class='ocrx_word' id='word_1_217' title='bbox 1185 1581 1364 1632; x_wconf 86' lang='lat' dir='ltr'>apparet</span> <span class='ocrx_word' id='word_1_218' title='bbox 1395 1577 1599 1629; x_wconf 88' lang='lat' dir='ltr'>optimum</span> <span class='ocrx_word' id='word_1_219' title='bbox 1631 1576 1761 1617; x_wconf 88' lang='lat' dir='ltr'>fuisse</span> 
     </span>
     <span class='ocr_line' id='line_1_22' title="bbox 95 1644 1761 1702; baseline -0.004 -12"><span class='ocrx_word' id='word_1_220' title='bbox 95 1648 284 1691; x_wconf 82' lang='lat' dir='ltr'>codicem</span> <span class='ocrx_word' id='word_1_221' title='bbox 308 1649 440 1702; x_wconf 90' lang='lat' dir='ltr'>illum,</span> <span class='ocrx_word' id='word_1_222' title='bbox 474 1662 527 1690; x_wconf 89' lang='lat' dir='ltr'>ex</span> <span class='ocrx_word' id='word_1_223' title='bbox 560 1662 642 1702; x_wconf 89' lang='lat' dir='ltr'>quo</span> <span class='ocrx_word' id='word_1_224' title='bbox 666 1662 716 1690; x_wconf 83' lang='lat' dir='ltr'>ea</span> <span class='ocrx_word' id='word_1_225' title='bbox 738 1647 991 1701; x_wconf 83' lang='lat' dir='ltr'>deprompta</span> <span class='ocrx_word' id='word_1_226' title='bbox 1012 1652 1120 1689; x_wconf 85' lang='lat' dir='ltr'>sunt.</span> <span class='ocrx_word' id='word_1_227' title='bbox 1174 1650 1215 1687; x_wconf 89' lang='lat' dir='ltr'>et</span> <span class='ocrx_word' id='word_1_228' title='bbox 1237 1646 1278 1686; x_wconf 92' lang='lat' dir='ltr'>in</span> <span class='ocrx_word' id='word_1_229' title='bbox 1302 1644 1366 1687; x_wconf 90' lang='lat' dir='ltr'>his</span> <span class='ocrx_word' id='word_1_230' title='bbox 1389 1657 1556 1698; x_wconf 88' lang='lat' dir='ltr'>quoque</span> <span class='ocrx_word' id='word_1_231' title='bbox 1579 1644 1761 1686; x_wconf 85' lang='lat' dir='ltr'>cernitur</span> 
     </span>
     <span class='ocr_line' id='line_1_23' title="bbox 96 1711 1763 1769; baseline -0.005 -10"><span class='ocrx_word' id='word_1_232' title='bbox 96 1716 254 1759; x_wconf 89' lang='lat' dir='ltr'>codicis</span> <span class='ocrx_word' id='word_1_233' title='bbox 285 1716 318 1757; x_wconf 90' lang='lat' dir='ltr'>P</span> <span class='ocrx_word' id='word_1_234' title='bbox 350 1716 623 1769; x_wconf 86' lang='lat' dir='ltr'>praestantia,</span> <span class='ocrx_word' id='word_1_235' title='bbox 656 1716 727 1768; x_wconf 88' lang='lat' dir='ltr'>qui</span> <span class='ocrx_word' id='word_1_236' title='bbox 758 1728 863 1757; x_wconf 89' lang='lat' dir='ltr'>unus</span> <span class='ocrx_word' id='word_1_237' title='bbox 896 1729 935 1769; x_wconf 89' lang='lat' dir='ltr'>p.</span> <span class='ocrx_word' id='word_1_238' title='bbox 960 1716 1053 1767; x_wconf 86' lang='lat'>393,</span> <span class='ocrx_word' id='word_1_239' title='bbox 1081 1717 1097 1755; x_wconf 88' lang='lat'>1</span> <span class='ocrx_word' id='word_1_240' title='bbox 1133 1713 1473 1767; x_wconf 84' lang='lat' dir='ltr'>supplementum</span> <span class='ocrx_word' id='word_1_241' title='bbox 1506 1711 1680 1754; x_wconf 79' lang='lat' dir='ltr'>exhibet</span> <span class='ocrx_word' id='word_1_242' title='bbox 1709 1711 1763 1752; x_wconf 87' lang='lat' dir='ltr'>ab</span> 
     </span>
     <span class='ocr_line' id='line_1_24' title="bbox 93 1784 376 1826; baseline -0.004 -1"><span class='ocrx_word' id='word_1_243' title='bbox 93 1785 130 1825; x_wconf 89' lang='lat' dir='ltr'>A</span> <span class='ocrx_word' id='word_1_244' title='bbox 162 1784 376 1826; x_wconf 89' lang='lat' dir='ltr'>omissum.</span> 
     </span>
    </p>
   </div>
   <div class='ocr_carea' id='block_1_3' title="bbox 713 1916 1132 1966">
    <p class='ocr_par' dir='ltr' id='par_1_4' title="bbox 713 1916 1132 1966">
     <span class='ocr_line' id='line_1_25' title="bbox 713 1916 1132 1966; baseline -0.005 -10"><span class='ocrx_word' id='word_1_245' title='bbox 713 1919 736 1966; x_wconf 64' lang='grc' dir='ltr'>ς’</span> <span class='ocrx_word' id='word_1_246' title='bbox 761 1920 782 1956; x_wconf 82' lang='lat'>5</span> <span class='ocrx_word' id='word_1_247' title='bbox 815 1916 868 1960; x_wconf 92' lang='lat' dir='ltr'>de</span> <span class='ocrx_word' id='word_1_248' title='bbox 899 1916 1047 1960; x_wconf 89' lang='lat' dir='ltr'>codice</span> <span class='ocrx_word' id='word_1_249' title='bbox 1078 1916 1132 1957; x_wconf 90' lang='lat' dir='ltr'>M.</span> 
     </span>
    </p>
   </div>
   <div class='ocr_carea' id='block_1_4' title="bbox 97 2004 1764 2400">
    <p class='ocr_par' dir='ltr' id='par_1_5' title="bbox 97 2004 1764 2400">
     <span class='ocr_line' id='line_1_26' title="bbox 210 2004 1763 2064; baseline -0.005 -12"><span class='ocrx_word' id='word_1_250' title='bbox 210 2009 360 2052; x_wconf 83' lang='lat' dir='ltr'>Codex</span> <span class='ocrx_word' id='word_1_251' title='bbox 389 2009 432 2051; x_wconf 91' lang='lat' dir='ltr'>M</span> <span class='ocrx_word' id='word_1_252' title='bbox 470 2009 661 2064; x_wconf 87' lang='lat' dir='ltr'>pluribus</span> <span class='ocrx_word' id='word_1_253' title='bbox 702 2008 826 2050; x_wconf 87' lang='lat' dir='ltr'>rebus</span> <span class='ocrx_word' id='word_1_254' title='bbox 865 2007 1152 2049; x_wconf 90' lang='lat' dir='ltr'>memorabilis</span> <span class='ocrx_word' id='word_1_255' title='bbox 1184 2011 1267 2059; x_wconf 91' lang='lat' dir='ltr'>est,</span> <span class='ocrx_word' id='word_1_256' title='bbox 1307 2006 1490 2060; x_wconf 90' lang='lat' dir='ltr'>primum</span> <span class='ocrx_word' id='word_1_257' title='bbox 1522 2004 1763 2057; x_wconf 86' lang='lat' dir='ltr'>integritate</span> 
     </span>
     <span class='ocr_line' id='line_1_27' title="bbox 99 2072 1764 2130; baseline -0.004 -10"><span class='ocrx_word' id='word_1_258' title='bbox 99 2082 140 2119; x_wconf 91' lang='lat' dir='ltr'>et</span> <span class='ocrx_word' id='word_1_259' title='bbox 161 2081 403 2130; x_wconf 81' lang='lat' dir='ltr'>uenustate3</span> <span class='ocrx_word' id='word_1_260' title='bbox 434 2091 532 2119; x_wconf 90' lang='lat' dir='ltr'>nam</span> <span class='ocrx_word' id='word_1_261' title='bbox 555 2082 665 2119; x_wconf 84' lang='lat' dir='ltr'>totus</span> <span class='ocrx_word' id='word_1_262' title='bbox 688 2089 771 2118; x_wconf 90' lang='lat' dir='ltr'>una</span> <span class='ocrx_word' id='word_1_263' title='bbox 791 2089 917 2117; x_wconf 88' lang='lat' dir='ltr'>manu</span> <span class='ocrx_word' id='word_1_264' title='bbox 939 2075 1263 2128; x_wconf 83' lang='lat' dir='ltr'>diligentissime</span> <span class='ocrx_word' id='word_1_265' title='bbox 1295 2078 1492 2115; x_wconf 88' lang='lat' dir='ltr'>exaratus</span> <span class='ocrx_word' id='word_1_266' title='bbox 1525 2076 1587 2114; x_wconf 92' lang='lat' dir='ltr'>est</span> <span class='ocrx_word' id='word_1_267' title='bbox 1618 2072 1764 2125; x_wconf 87' lang='lat' dir='ltr'>paucis</span> 
     </span>
     <span class='ocr_line' id='line_1_28' title="bbox 97 2139 1762 2197; baseline -0.003 -12"><span class='ocrx_word' id='word_1_268' title='bbox 97 2143 299 2187; x_wconf 87' lang='lat' dir='ltr'>adhibitis</span> <span class='ocrx_word' id='word_1_269' title='bbox 341 2143 618 2195; x_wconf 86' lang='lat' dir='ltr'>correcturis,</span> <span class='ocrx_word' id='word_1_270' title='bbox 658 2143 813 2185; x_wconf 89' lang='lat' dir='ltr'>deinde</span> <span class='ocrx_word' id='word_1_271' title='bbox 844 2144 884 2184; x_wconf 90' lang='lat' dir='ltr'>in</span> <span class='ocrx_word' id='word_1_272' title='bbox 918 2143 1108 2197; x_wconf 84' lang='lat' dir='ltr'>margine</span> <span class='ocrx_word' id='word_1_273' title='bbox 1139 2141 1268 2184; x_wconf 88' lang='lat' dir='ltr'>habet</span> <span class='ocrx_word' id='word_1_274' title='bbox 1296 2146 1464 2194; x_wconf 85' lang='lat' dir='ltr'>praeter</span> <span class='ocrx_word' id='word_1_275' title='bbox 1494 2140 1580 2182; x_wconf 86' lang='lat' dir='ltr'>alia</span> <span class='ocrx_word' id='word_1_276' title='bbox 1610 2139 1762 2180; x_wconf 88' lang='lat' dir='ltr'>multas</span> 
     </span>
     <span class='ocr_line' id='line_1_29' title="bbox 98 2206 1763 2265; baseline -0.004 -12"><span class='ocrx_word' id='word_1_277' title='bbox 98 2211 237 2254; x_wconf 89' lang='lat' dir='ltr'>uarias</span> <span class='ocrx_word' id='word_1_278' title='bbox 259 2212 463 2254; x_wconf 90' lang='lat' dir='ltr'>lectiones</span> <span class='ocrx_word' id='word_1_279' title='bbox 494 2211 632 2264; x_wconf 87' lang='lat' dir='ltr'>prima</span> <span class='ocrx_word' id='word_1_280' title='bbox 668 2224 794 2252; x_wconf 89' lang='lat' dir='ltr'>manu</span> <span class='ocrx_word' id='word_1_281' title='bbox 816 2212 994 2265; x_wconf 88' lang='lat' dir='ltr'>scriptas</span> <span class='ocrx_word' id='word_1_282' title='bbox 1017 2209 1239 2262; x_wconf 91' lang='lat' dir='ltr'>eiusmodi,</span> <span class='ocrx_word' id='word_1_283' title='bbox 1271 2214 1316 2250; x_wconf 91' lang='lat' dir='ltr'>ut</span> <span class='ocrx_word' id='word_1_284' title='bbox 1345 2209 1435 2250; x_wconf 90' lang='lat' dir='ltr'>siue</span> <span class='ocrx_word' id='word_1_285' title='bbox 1468 2221 1560 2249; x_wconf 91' lang='lat' dir='ltr'>cum</span> <span class='ocrx_word' id='word_1_286' title='bbox 1590 2206 1763 2248; x_wconf 89' lang='lat' dir='ltr'>meliore</span> 
     </span>
     <span class='ocr_line' id='line_1_30' title="bbox 99 2274 1763 2331; baseline -0.004 -11"><span class='ocrx_word' id='word_1_287' title='bbox 99 2291 255 2331; x_wconf 87' lang='lat' dir='ltr'>genere</span> <span class='ocrx_word' id='word_1_288' title='bbox 294 2280 502 2322; x_wconf 89' lang='lat' dir='ltr'>consentit</span> <span class='ocrx_word' id='word_1_289' title='bbox 539 2279 630 2320; x_wconf 88' lang='lat' dir='ltr'>siue</span> <span class='ocrx_word' id='word_1_290' title='bbox 670 2292 764 2321; x_wconf 90' lang='lat' dir='ltr'>cum</span> <span class='ocrx_word' id='word_1_291' title='bbox 803 2278 1035 2331; x_wconf 88' lang='lat' dir='ltr'>deteriore,</span> <span class='ocrx_word' id='word_1_292' title='bbox 1074 2278 1248 2320; x_wconf 87' lang='lat' dir='ltr'>alterius</span> <span class='ocrx_word' id='word_1_293' title='bbox 1287 2277 1452 2330; x_wconf 85' lang='lat' dir='ltr'>generis</span> <span class='ocrx_word' id='word_1_294' title='bbox 1486 2275 1688 2316; x_wconf 86' lang='lat' dir='ltr'>lectiones</span> <span class='ocrx_word' id='word_1_295' title='bbox 1720 2274 1763 2314; x_wconf 89' lang='lat' dir='ltr'>in</span> 
     </span>
     <span class='ocr_line' id='line_1_31' title="bbox 99 2341 1762 2400; baseline -0.004 -12"><span class='ocrx_word' id='word_1_296' title='bbox 99 2346 289 2400; x_wconf 88' lang='lat' dir='ltr'>margine</span> <span class='ocrx_word' id='word_1_297' title='bbox 317 2345 474 2390; x_wconf 87' lang='lat' dir='ltr'>habere</span> <span class='ocrx_word' id='word_1_298' title='bbox 496 2347 645 2400; x_wconf 90' lang='lat' dir='ltr'>soleat,</span> <span class='ocrx_word' id='word_1_299' title='bbox 678 2359 760 2400; x_wconf 89' lang='lat' dir='ltr'>quo</span> <span class='ocrx_word' id='word_1_300' title='bbox 791 2345 999 2388; x_wconf 87' lang='lat' dir='ltr'>accedunt</span> <span class='ocrx_word' id='word_1_301' title='bbox 1029 2346 1115 2387; x_wconf 86' lang='lat' dir='ltr'>alia</span> <span class='ocrx_word' id='word_1_302' title='bbox 1146 2359 1238 2387; x_wconf 90' lang='lat' dir='ltr'>cum</span> <span class='ocrx_word' id='word_1_303' title='bbox 1264 2345 1298 2386; x_wconf 90' lang='lat' dir='ltr'>L</span> <span class='ocrx_word' id='word_1_304' title='bbox 1320 2348 1392 2386; x_wconf 88' lang='lat' dir='ltr'>aut</span> <span class='ocrx_word' id='word_1_305' title='bbox 1414 2343 1445 2385; x_wconf 81' lang='lat' dir='ltr'>C</span> <span class='ocrx_word' id='word_1_306' title='bbox 1468 2341 1762 2390; x_wconf 58' lang='lat' dir='ltr'>communiassj.</span> 
     </span>
    </p>
   </div>
   <div class='ocr_carea' id='block_1_5' title="bbox 98 2437 367 2441">
    <p class='ocr_par' dir='ltr' id='par_1_6' title="bbox 98 2437 367 2441">
     <span class='ocr_line' id='line_1_32' title="bbox 98 2437 367 2441; baseline 0 0"><span class='ocrx_word' id='word_1_307' title='bbox 98 2437 367 2441; x_wconf 95' lang='lat' dir='ltr'> </span> 
     </span>
    </p>
   </div>
   <div class='ocr_carea' id='block_1_6' title="bbox 100 2484 1763 2983">
    <p class='ocr_par' dir='ltr' id='par_1_7' title="bbox 100 2484 1763 2983">
     <span class='ocr_line' id='line_1_33' title="bbox 214 2484 1763 2536; baseline -0.003 -11"><span class='ocrx_word' id='word_1_308' title='bbox 214 2495 243 2533; x_wconf 88' lang='lat'>1)</span> <span class='ocrx_word' id='word_1_309' title='bbox 267 2502 301 2535; x_wconf 88' lang='lat' dir='ltr'>p.</span> <span class='ocrx_word' id='word_1_310' title='bbox 328 2494 405 2532; x_wconf 79' lang='lat'>546,</span> <span class='ocrx_word' id='word_1_311' title='bbox 424 2493 443 2525; x_wconf 87' lang='grc'><strong>6</strong></span> <span class='ocrx_word' id='word_1_312' title='bbox 469 2490 514 2525; x_wconf 89' lang='lat' dir='ltr'>ad</span> <span class='ocrx_word' id='word_1_313' title='bbox 539 2484 684 2536; x_wconf 76' lang='grc' dir='ltr'><em>φλογός</em></span> <span class='ocrx_word' id='word_1_314' title='bbox 708 2490 803 2534; x_wconf 89' lang='lat' dir='ltr'>quod</span> <span class='ocrx_word' id='word_1_315' title='bbox 828 2492 1035 2534; x_wconf 86' lang='lat' dir='ltr'>corruptum</span> <span class='ocrx_word' id='word_1_316' title='bbox 1069 2494 1142 2532; x_wconf 89' lang='lat' dir='ltr'>est,</span> <span class='ocrx_word' id='word_1_317' title='bbox 1172 2491 1208 2524; x_wconf 88' lang='lat' dir='ltr'>in</span> <span class='ocrx_word' id='word_1_318' title='bbox 1239 2489 1397 2532; x_wconf 86' lang='lat' dir='ltr'>margine</span> <span class='ocrx_word' id='word_1_319' title='bbox 1430 2485 1599 2530; x_wconf 83' lang='lat' dir='ltr'>ascripsit</span> <span class='ocrx_word' id='word_1_320' title='bbox 1633 2487 1763 2526; x_wconf 78' lang='grc' dir='ltr'><strong>στοᾶς,</strong></span> 
     </span>
     <span class='ocr_line' id='line_1_34' title="bbox 101 2541 1763 2591; baseline -0.004 -10"><span class='ocrx_word' id='word_1_321' title='bbox 101 2547 195 2591; x_wconf 86' lang='lat' dir='ltr'>quod</span> <span class='ocrx_word' id='word_1_322' title='bbox 218 2548 286 2582; x_wconf 87' lang='lat' dir='ltr'>etsi</span> <span class='ocrx_word' id='word_1_323' title='bbox 311 2557 436 2581; x_wconf 90' lang='lat' dir='ltr'>uerum</span> <span class='ocrx_word' id='word_1_324' title='bbox 459 2558 530 2582; x_wconf 89' lang='lat' dir='ltr'>non</span> <span class='ocrx_word' id='word_1_325' title='bbox 555 2546 710 2587; x_wconf 84' lang='lat' dir='ltr'>uidetur,</span> <span class='ocrx_word' id='word_1_326' title='bbox 735 2550 854 2581; x_wconf 87' lang='lat' dir='ltr'>tamen</span> <span class='ocrx_word' id='word_1_327' title='bbox 877 2546 1106 2580; x_wconf 82' lang='lat' dir='ltr'>memorabile</span> <span class='ocrx_word' id='word_1_328' title='bbox 1131 2550 1196 2581; x_wconf 89' lang='lat' dir='ltr'>est.</span> <span class='ocrx_word' id='word_1_329' title='bbox 1385 2547 1417 2586; x_wconf 85' lang='lat'>2)</span> <span class='ocrx_word' id='word_1_330' title='bbox 1441 2543 1531 2578; x_wconf 88' lang='lat' dir='ltr'>idem</span> <span class='ocrx_word' id='word_1_331' title='bbox 1559 2541 1763 2576; x_wconf 78' lang='lat' dir='ltr'>coniecerat</span> 
     </span>
     <span class='ocr_line' id='line_1_35' title="bbox 101 2598 1762 2647; baseline -0.004 -11"><span class='ocrx_word' id='word_1_332' title='bbox 101 2603 316 2638; x_wconf 85' lang='lat' dir='ltr'>Bernardus.</span> <span class='ocrx_word' id='word_1_333' title='bbox 393 2606 426 2645; x_wconf 78' lang='lat'>3)</span> <span class='ocrx_word' id='word_1_334' title='bbox 450 2604 629 2638; x_wconf 85' lang='lat' dir='ltr'>interdum</span> <span class='ocrx_word' id='word_1_335' title='bbox 647 2603 708 2637; x_wconf 85' lang='lat' dir='ltr'>uni</span> <span class='ocrx_word' id='word_1_336' title='bbox 724 2604 802 2638; x_wconf 87' lang='lat' dir='ltr'>loco</span> <span class='ocrx_word' id='word_1_337' title='bbox 828 2603 933 2638; x_wconf 87' lang='lat' dir='ltr'>binae</span> <span class='ocrx_word' id='word_1_338' title='bbox 957 2603 1016 2637; x_wconf 89' lang='lat' dir='ltr'>uel</span> <span class='ocrx_word' id='word_1_339' title='bbox 1031 2602 1151 2647; x_wconf 83' lang='lat' dir='ltr'>plures</span> <span class='ocrx_word' id='word_1_340' title='bbox 1177 2601 1438 2646; x_wconf 82' lang='lat' dir='ltr'>discrepantiae</span> <span class='ocrx_word' id='word_1_341' title='bbox 1462 2598 1642 2642; x_wconf 84' lang='lat' dir='ltr'>ascriptae</span> <span class='ocrx_word' id='word_1_342' title='bbox 1666 2598 1762 2637; x_wconf 84' lang='lat' dir='ltr'>sunt,</span> 
     </span>
     <span class='ocr_line' id='line_1_36' title="bbox 101 2651 1762 2703; baseline -0.004 -10"><span class='ocrx_word' id='word_1_343' title='bbox 101 2669 248 2702; x_wconf 85' lang='lat' dir='ltr'>quarum</span> <span class='ocrx_word' id='word_1_344' title='bbox 280 2660 459 2694; x_wconf 89' lang='lat' dir='ltr'>mentione</span> <span class='ocrx_word' id='word_1_345' title='bbox 489 2659 616 2702; x_wconf 85' lang='lat' dir='ltr'>dignae</span> <span class='ocrx_word' id='word_1_346' title='bbox 649 2662 733 2694; x_wconf 87' lang='lat' dir='ltr'>sunt</span> <span class='ocrx_word' id='word_1_347' title='bbox 757 2659 864 2693; x_wconf 86' lang='lat' dir='ltr'>duae:</span> <span class='ocrx_word' id='word_1_348' title='bbox 907 2669 941 2703; x_wconf 87' lang='lat' dir='ltr'>p.</span> <span class='ocrx_word' id='word_1_349' title='bbox 969 2661 1023 2699; x_wconf 83' lang='lat'>22,</span> <span class='ocrx_word' id='word_1_350' title='bbox 1049 2661 1067 2692; x_wconf 88' lang='lat'>3</span> <span class='ocrx_word' id='word_1_351' title='bbox 1099 2662 1199 2693; x_wconf 84' lang='lat' dir='ltr'>extat</span> <span class='ocrx_word' id='word_1_352' title='bbox 1227 2658 1265 2692; x_wconf 91' lang='lat' dir='ltr'>in</span> <span class='ocrx_word' id='word_1_353' title='bbox 1297 2661 1398 2692; x_wconf 86' lang='lat' dir='ltr'>textu</span> <span class='ocrx_word' id='word_1_354' title='bbox 1423 2651 1546 2702; x_wconf 75' lang='grc' dir='ltr'><em>Όβέδα</em></span> <span class='ocrx_word' id='word_1_355' title='bbox 1584 2664 1664 2688; x_wconf 92' lang='lat' dir='ltr'>cum</span> <span class='ocrx_word' id='word_1_356' title='bbox 1688 2653 1762 2695; x_wconf 87' lang='lat' dir='ltr'>PA,</span> 
     </span>
     <span class='ocr_line' id='line_1_37' title="bbox 100 2708 1762 2762; baseline -0.004 -14"><span class='ocrx_word' id='word_1_357' title='bbox 100 2715 298 2758; x_wconf 80' lang='lat' dir='ltr'>ascriptum</span> <span class='ocrx_word' id='word_1_358' title='bbox 323 2719 376 2750; x_wconf 88' lang='lat' dir='ltr'>est</span> <span class='ocrx_word' id='word_1_359' title='bbox 401 2712 440 2751; x_wconf 78' lang='grc' dir='ltr'>ἔν</span> <span class='ocrx_word' id='word_1_360' title='bbox 464 2729 561 2751; x_wconf 80' lang='grc' dir='ltr'><em>τισιν</em></span> <span class='ocrx_word' id='word_1_361' title='bbox 586 2708 736 2762; x_wconf 63' lang='grc' dir='ltr'>εἴρηται</span> <span class='ocrx_word' id='word_1_362' title='bbox 760 2712 902 2761; x_wconf 80' lang='grc' dir='ltr'><strong>βόνδα,</strong></span> <span class='ocrx_word' id='word_1_363' title='bbox 925 2709 991 2750; x_wconf 74' lang='grc' dir='ltr'>ἐπ’</span> <span class='ocrx_word' id='word_1_364' title='bbox 1016 2712 1132 2756; x_wconf 81' lang='grc' dir='ltr'><strong><em>ἐνίοις</em></strong></span> <span class='ocrx_word' id='word_1_365' title='bbox 1156 2714 1320 2761; x_wconf 71' lang='grc' dir='ltr'><em>γροβέδα</em></span> <span class='ocrx_word' id='word_1_366' title='bbox 1347 2718 1382 2748; x_wconf 83' lang='lat' dir='ltr'>et</span> <span class='ocrx_word' id='word_1_367' title='bbox 1408 2724 1441 2757; x_wconf 89' lang='lat' dir='ltr'>p.</span> <span class='ocrx_word' id='word_1_368' title='bbox 1461 2714 1515 2752; x_wconf 79' lang='lat'>24,</span> <span class='ocrx_word' id='word_1_369' title='bbox 1534 2714 1574 2744; x_wconf 78' lang='lat'>20</span> <span class='ocrx_word' id='word_1_370' title='bbox 1600 2710 1637 2743; x_wconf 88' lang='lat' dir='ltr'>in</span> <span class='ocrx_word' id='word_1_371' title='bbox 1660 2711 1762 2743; x_wconf 86' lang='lat' dir='ltr'>textu</span> 
     </span>
     <span class='ocr_line' id='line_1_38' title="bbox 102 2765 1762 2818; baseline -0.003 -13"><span class='ocrx_word' id='word_1_372' title='bbox 102 2770 208 2805; x_wconf 78' lang='lat' dir='ltr'>habet</span> <span class='ocrx_word' id='word_1_373' title='bbox 232 2766 339 2808; x_wconf 74' lang='grc' dir='ltr'><strong><em>Ἀνὰν</em></strong></span> <span class='ocrx_word' id='word_1_374' title='bbox 364 2782 443 2806; x_wconf 84' lang='lat' dir='ltr'>cum</span> <span class='ocrx_word' id='word_1_375' title='bbox 466 2771 542 2812; x_wconf 87' lang='lat' dir='ltr'>PA,</span> <span class='ocrx_word' id='word_1_376' title='bbox 566 2771 603 2806; x_wconf 86' lang='lat' dir='ltr'>in</span> <span class='ocrx_word' id='word_1_377' title='bbox 628 2772 785 2814; x_wconf 84' lang='lat' dir='ltr'>margine</span> <span class='ocrx_word' id='word_1_378' title='bbox 811 2765 963 2818; x_wconf 49' lang='grc' dir='ltr'><em>εἷῖρηται</em></span> <span class='ocrx_word' id='word_1_379' title='bbox 985 2772 1048 2806; x_wconf 84' lang='grc' dir='ltr'>καὶ</span> <span class='ocrx_word' id='word_1_380' title='bbox 1074 2772 1173 2806; x_wconf 79' lang='grc' dir='ltr'><em>κανᾶ</em></span> <span class='ocrx_word' id='word_1_381' title='bbox 1196 2773 1260 2806; x_wconf 81' lang='grc' dir='ltr'>καὶ</span> <span class='ocrx_word' id='word_1_382' title='bbox 1284 2766 1441 2816; x_wconf 74' lang='grc' dir='ltr'><em>γράννα.</em></span> <span class='ocrx_word' id='word_1_383' title='bbox 1490 2776 1571 2801; x_wconf 82' lang='lat' dir='ltr'>nam</span> <span class='ocrx_word' id='word_1_384' title='bbox 1596 2765 1762 2812; x_wconf 75' lang='grc' dir='ltr'><em>γροβὲὁά</em></span> 
     </span>
     <span class='ocr_line' id='line_1_39' title="bbox 103 2821 1761 2874; baseline -0.005 -11"><span class='ocrx_word' id='word_1_385' title='bbox 103 2827 139 2859; x_wconf 68' lang='lat' dir='ltr'>et</span> <span class='ocrx_word' id='word_1_386' title='bbox 162 2823 305 2871; x_wconf 73' lang='grc' dir='ltr'><em>γράνιά</em></span> <span class='ocrx_word' id='word_1_387' title='bbox 324 2830 423 2863; x_wconf 86' lang='lat' dir='ltr'>ortae</span> <span class='ocrx_word' id='word_1_388' title='bbox 441 2831 524 2862; x_wconf 89' lang='lat' dir='ltr'>sunt</span> <span class='ocrx_word' id='word_1_389' title='bbox 541 2837 584 2862; x_wconf 83' lang='lat' dir='ltr'>ex</span> <span class='ocrx_word' id='word_1_390' title='bbox 601 2841 648 2874; x_wconf 78' lang='grc' dir='ltr'>γρ</span> <span class='ocrx_word' id='word_1_391' title='bbox 668 2823 784 2874; x_wconf 78' lang='grc' dir='ltr'><em>ὀβέὸα</em></span> <span class='ocrx_word' id='word_1_392' title='bbox 801 2830 836 2862; x_wconf 82' lang='lat' dir='ltr'>et</span> <span class='ocrx_word' id='word_1_393' title='bbox 853 2840 900 2873; x_wconf 80' lang='grc' dir='ltr'>γρ</span> <span class='ocrx_word' id='word_1_394' title='bbox 918 2824 1014 2863; x_wconf 36' lang='grc' dir='ltr'><em>ἄνι’-α</em></span> <span class='ocrx_word' id='word_1_395' title='bbox 1032 2836 1123 2871; x_wconf 87' lang='lat' dir='ltr'>quae</span> <span class='ocrx_word' id='word_1_396' title='bbox 1139 2826 1286 2861; x_wconf 86' lang='lat' dir='ltr'>fuerunt</span> <span class='ocrx_word' id='word_1_397' title='bbox 1303 2823 1563 2869; x_wconf 86' lang='lat' dir='ltr'>discrepantiae</span> <span class='ocrx_word' id='word_1_398' title='bbox 1581 2821 1761 2865; x_wconf 87' lang='lat' dir='ltr'>ascriptae</span> 
     </span>
     <span class='ocr_line' id='line_1_40' title="bbox 103 2877 1760 2930; baseline -0.003 -16"><span class='ocrx_word' id='word_1_399' title='bbox 103 2881 148 2914; x_wconf 87' lang='lat' dir='ltr'>ad</span> <span class='ocrx_word' id='word_1_400' title='bbox 171 2881 317 2918; x_wconf 81' lang='lat' dir='ltr'>alterius</span> <span class='ocrx_word' id='word_1_401' title='bbox 341 2884 479 2927; x_wconf 85' lang='lat' dir='ltr'>generis</span> <span class='ocrx_word' id='word_1_402' title='bbox 504 2884 701 2927; x_wconf 85' lang='lat' dir='ltr'>scripturas</span> <span class='ocrx_word' id='word_1_403' title='bbox 725 2880 846 2930; x_wconf 82' lang='grc' dir='ltr'><em>βόνδα</em></span> <span class='ocrx_word' id='word_1_404' title='bbox 873 2885 908 2918; x_wconf 88' lang='lat' dir='ltr'>et</span> <span class='ocrx_word' id='word_1_405' title='bbox 930 2879 1041 2919; x_wconf 83' lang='grc' dir='ltr'><em>κοινὰ.</em></span> <span class='ocrx_word' id='word_1_406' title='bbox 1093 2881 1139 2918; x_wconf 86' lang='lat' dir='ltr'>cf.</span> <span class='ocrx_word' id='word_1_407' title='bbox 1166 2882 1342 2917; x_wconf 85' lang='lat' dir='ltr'>Destinon</span> <span class='ocrx_word' id='word_1_408' title='bbox 1373 2882 1417 2915; x_wconf 86' lang='lat' dir='ltr'>de</span> <span class='ocrx_word' id='word_1_409' title='bbox 1441 2881 1556 2915; x_wconf 81' lang='lat' dir='ltr'>Flauii</span> <span class='ocrx_word' id='word_1_410' title='bbox 1582 2879 1653 2914; x_wconf 90' lang='lat' dir='ltr'>Ios.</span> <span class='ocrx_word' id='word_1_411' title='bbox 1679 2877 1760 2912; x_wconf 80' lang='lat' dir='ltr'>bell.</span> 
     </span>
     <span class='ocr_line' id='line_1_41' title="bbox 102 2934 623 2983; baseline 0.012 -15"><span class='ocrx_word' id='word_1_412' title='bbox 102 2934 177 2970; x_wconf 87' lang='lat' dir='ltr'>lud.</span> <span class='ocrx_word' id='word_1_413' title='bbox 202 2947 337 2973; x_wconf 86' lang='lat' dir='ltr'>recens.</span> <span class='ocrx_word' id='word_1_414' title='bbox 362 2950 398 2983; x_wconf 86' lang='lat' dir='ltr'>p.</span> <span class='ocrx_word' id='word_1_415' title='bbox 428 2942 467 2973; x_wconf 80' lang='lat'>14</span> <span class='ocrx_word' id='word_1_416' title='bbox 491 2941 565 2974; x_wconf 87' lang='lat' dir='ltr'>not.</span> <span class='ocrx_word' id='word_1_417' title='bbox 592 2942 623 2973; x_wconf 91' lang='lat'>3.</span> 
     </span>
    </p>
   </div>
  </div>
 </body>
</html>
