2039 3282
846 168 1038 203 Praefatio.
1668 168 1764 201 LVII

106 288 302 325 accurate
329 295 415 323 rem
439 285 605 334 gereret
624 283 648 329 ¹)
670 287 741 323 aut
764 283 979 335 scriptoris
1002 283 1132 324 uerba
1159 298 1240 325 non
1271 285 1372 326 satis
1404 283 1671 335 intellegeret
1701 287 1773 324 aut

109 364 202 392 cum
236 353 433 402 corrupta
463 349 503 390 in
535 362 610 391 suo
643 351 876 403 exemplari
909 351 1081 403 legeret,
1115 351 1216 404 quid
1249 352 1310 393 eis
1341 351 1498 393 faceret
1528 351 1709 392 nesciret
1725 353 1767 400 2).

105 417 291 469 accedit,
333 416 445 469 quod
476 416 647 470 Iosepbi
688 418 919 459 orationem
959 431 1114 470 augere
1147 423 1273 471 atque
1304 418 1562 472 amplificare
1594 432 1675 459 non
1709 422 1771 459 est

105 485 283 537 ueritus,
323 488 396 526 aut
432 485 746 538 perspicuitatis
786 490 830 525 ut
869 485 1034 526 uidetur
1074 487 1213 528 studio
1254 486 1462 527 adductus
1501 491 1573 527 aut
1609 487 1770 540 impetu

107 552 343 601 oratorio-²).

219 618 415 661 Ceterum
439 632 594 672 graeca
624 620 872 673 plerumque
904 624 1016 661 recte
1049 619 1259 661 intellexit
1281 633 1417 673 eaque
1447 621 1525 662 fuit
1554 621 1771 674 utriusque

103 686 274 739 linguae
313 688 486 741 peritia,
528 692 571 728 ut
610 686 781 741 Iosephi
813 687 944 728 uerba
977 686 1090 727 haud
1130 687 1242 728 male
1274 687 1424 729 Latino
1466 702 1657 729 sermone
1699 701 1769 730 ex-

103 755 363 807 primeret4).
414 759 541 808 atque
565 755 772 797 interdum
797 768 849 796 ea
885 759 948 796 est
983 754 1218 806 diligentia,
1250 759 1295 795 ut
1330 768 1485 806 graeca
1517 757 1648 797 uerba
1679 757 1773 809 ipsa

103 820 269 863 dederit
286 822 336 874 ⁵),
379 823 497 864 euius
537 823 702 875 generis
744 828 806 864 est
844 836 884 876 p.
925 824 1027 874 589,
1061 823 1106 875 S,
1146 822 1217 863 ubi
1258 822 1383 863 uertit
1420 823 1603 861 maz-ime
1637 829 1772 862 autem

103 894 251 942 stupor
298 895 392 928 erat
436 889 718 929 maeldum-um
767 902 871 944 quoe
911 888 1191 941 portabantur
1238 890 1325 927 ssue
1363 896 1598 942 peffluolum
1627 889 1772 941 'sobre'-

106 957 227 995 catio.
288 958 422 1010 magis
463 957 748 1000 memorabilis
787 957 896 998 alius
936 961 1000 998 est
1039 956 1156 998 locus
1197 970 1237 1010 p.
1273 960 1335 1009 10,
1370 960 1415 997 11
1461 956 1515 995 od
1552 964 1670 997 notos
1701 958 1774 1011 qui

103 1023 279 1063 aderant
310 1025 582 1071 ewa-(amauit,
621 1036 701 1062 uon
727 1036 885 1076 paucos
915 1030 1047 1063 autem
1074 1037 1211 1077 pupas
1241 1023 1464 1076 discipulos
1493 1025 1579 1063 siue
1611 1025 1771 1064 cousul-

103 1098 218 1130 tores
247 1090 440 1139 habebat,
478 1104 583 1130 nuuc
612 1090 716 1130 milei
739 1090 958 1143 pulchrum
990 1098 1051 1130 est
1080 1093 1222 1138 emori,
1256 1092 1328 1133 ubi
1359 1091 1480 1134 uides
1511 1105 1636 1145 quam
1669 1092 1769 1133 ridi-

103 1160 196 1202 cule
219 1160 422 1202 errauerit
443 1159 496 1201 de
519 1172 623 1201 uoce
645 1160 812 1198 παπαί.
865 1159 1060 1201 similiter
1079 1173 1120 1213 p.
1145 1162 1211 1213 06,
1240 1163 1286 1200 15
1308 1157 1589 1213 μαστοειδὴς,
1611 1173 1651 1213 p.
1675 1161 1770 1213 236,

103 1229 124 1266 7
168 1224 380 1278 σοράρὸς,
420 1240 459 1279 p.
494 1227 588 1277 438,
626 1227 674 1267 18
716 1223 935 1277 διώνυμον
969 1227 1143 1268 nomina
1173 1228 1347 1281 propria
1377 1241 1470 1269 esse
1500 1228 1678 1281 putauit.
1730 1234 1772 1268 et

101 1295 245 1347 paullo
278 1295 385 1336 infra
416 1295 457 1335 in
489 1294 700 1335 diuersam
732 1298 896 1348 partem
926 1295 1143 1348 peccauit,
1183 1309 1275 1337 cum
1310 1308 1450 1336 errore
1481 1296 1619 1337 minus
1651 1295 1771 1348 graui

102 1362 301 1414 Νομικοῦ
330 1375 485 1404 nomen
515 1362 619 1400 iuris
644 1363 777 1414 periti
805 1363 935 1404 latine
966 1362 1176 1404 redderet.
1231 1363 1296 1405 his
1328 1363 1456 1416 igitur
1486 1363 1591 1405 locis
1622 1363 1770 1405 uerbo-

100 1443 191 1471 rum
212 1430 298 1471 uim
319 1442 402 1471 non
424 1434 537 1472 recte
564 1428 804 1483 perspexit3
835 1430 909 1471 alii
942 1433 1049 1483 sunt,
1082 1430 1153 1471 ubi
1186 1431 1488 1473 sententiarum
1521 1435 1771 1473 structuram

99 1497 243 1550 paullo
284 1496 564 1539 difficiliorem
606 1511 688 1539 non
722 1497 984 1551 expedierit,
1024 1502 1069 1539 ut
1098 1511 1235 1552 paene
1266 1511 1493 1552 puerorum
1524 1498 1566 1539 in
1596 1497 1769 1540 modum

100 1565 337 1619 ineptiatssj.

211 1630 329 1681 Quae
361 1645 454 1675 cum
487 1632 547 1674 ita
577 1633 681 1685 sint,
714 1636 836 1674 caute
868 1633 1069 1675 utendum
1101 1646 1194 1676 esse
1225 1633 1433 1676 uel-sionis
1464 1633 1622 1675 latinae
1653 1634 1769 1675 testi-

97 1699 248 1741 moniis
284 1700 559 1753 perspicitur3
601 1700 809 1754 imprimis
839 1705 981 1742 autem
1019 1701 1256 1743 cauendum
1289 1706 1372 1754 est,
1411 1714 1464 1743 ne
1497 1714 1605 1754 quae
1646 1701 1770 1755 plura

97 1767 225 1809 habet
256 1780 381 1821 quam
413 1767 555 1820 graeci
587 1767 757 1810 codices
788 1782 815 1810 a
844 1767 1029 1822 Iosepho
1061 1770 1218 1823 scripta
1249 1781 1343 1811 esse
1373 1773 1584 1823 putentur.

209 1835 299 1876 Iam
332 1848 381 1877 eo
413 1834 651 1887 transimus,
688 1839 732 1877 ut
762 1836 932 1889 qualem
964 1835 1160 1878 habuerit
1190 1836 1379 1879 codicem
1413 1850 1613 1890 graecum
1644 1837 1770 1878 inter-

95 1915 192 1956 pres
223 1903 378 1944 latinus
411 1915 676 1955 quaeramus.
738 1907 779 1945 et
810 1904 1009 1957 quoniam
1040 1917 1168 1958 supra
1199 1908 1263 1947 est
1292 1904 1645 1957 demonstratum,
1685 1905 1770 1947 duo

97 1983 190 2012 esse
219 1970 411 2012 codicum
443 1983 690 2024 graecorum
722 1983 892 2025 genera,
925 1985 1101 2025 quorum
1133 1973 1313 2014 alterum
1343 1976 1661 2026 repraesentent
1682 1972 1769 2026 PA,

95 2038 273 2080 alterum
314 2037 446 2091 VRC,
495 2037 575 2080 hoc
611 2039 792 2092 primum
834 2039 1060 2082 dicendum
1104 2045 1188 2094 est,
1235 2041 1508 2093 interpretem
1546 2040 1673 2082 modo
1714 2040 1768 2082 ab

212 2140 241 2179 1)
265 2142 305 2171 ut
336 2147 429 2171 unus
459 2137 559 2172 loeus
596 2147 639 2171 ex
675 2137 794 2172 multis
827 2138 998 2173 afferatur
1032 2149 1067 2182 p.
1106 2141 1184 2182 508,
1210 2142 1228 2172 5
1261 2141 1325 2175 καὶ
1357 2136 1446 2181 τοὺς
1469 2159 1514 2164 -
1547 2138 1706 2183 σώματα
1732 2140 1768 2173 in

95 2194 235 2229 Latinis
253 2196 338 2229 sunt
353 2194 460 2228 haec:
480 2192 726 2238 Romanisque
743 2204 805 2229 eos
821 2194 1109 2240 inspectantibus
1125 2195 1305 2230 interemit
1322 2200 1357 2230 et
1371 2207 1440 2242 per
1457 2206 1598 2229 murum
1609 2196 1771 2240 proiecit

96 2261 253 2296 corpora
278 2254 505 2284 mortuorum
536 2250 675 2284 omissis
713 2248 912 2296 συλλαβὼν
945 2255 979 2285 et
1010 2249 1291 2298 λωβησάμενος.
1331 2252 1376 2286 cf.
1407 2262 1442 2295 p.
1470 2254 1523 2294 27,
1551 2254 1608 2294 103
1645 2254 1698 2293 80,
1725 2254 1766 2295 6;

96 2309 149 2348 81,
175 2309 218 2350 2;
246 2310 299 2347 85,
327 2309 384 2343 18ς
416 2309 488 2346 119,
515 2308 544 2340 2.
673 2309 705 2347 2)
732 2307 767 2341 id
793 2308 886 2350 quod
911 2310 1044 2342 factum
1077 2319 1156 2343 esse
1181 2308 1324 2343 uidetur
1349 2319 1381 2352 p.
1411 2310 1486 2350 562,
1516 2311 1566 2350 10,
1593 2307 1654 2342 ubi
1680 2304 1768 2354 ἔχου

98 2363 191 2406 quod
217 2365 427 2406 corruptum
451 2362 606 2396 traditur
629 2363 665 2396 in
689 2364 837 2407 graecis,
863 2364 966 2399 abest
991 2375 1013 2399 a
1036 2364 1179 2400 Latino.
1219 2366 1262 2399 cf.
1289 2376 1324 2409 p.
1350 2368 1427 2405 457,
1454 2367 1485 2398 5.
1609 2366 1641 2405 3)
1667 2365 1767 2398 uelut

95 2430 129 2463 p.
157 2421 232 2462 506,
258 2421 298 2453 23
326 2421 543 2455 τελευταῖον
573 2413 722 2455 ἀνελεῖν
751 2418 946 2456 ἐκέλευσεν
975 2422 1027 2456 sic
1051 2421 1306 2465 interpretatus
1338 2425 1407 2456 est:
1444 2424 1485 2455 ut
1518 2423 1667 2464 auqeret
1690 2420 1768 2454 eius

96 2475 255 2510 dolorem
279 2475 513 2509 nouissimum
540 2474 645 2509 iussit
669 2476 849 2520 interfici;
881 2477 926 2512 cf.
954 2488 1044 2522 quae
1068 2478 1240 2512 adnotata
1264 2479 1350 2512 sunt
1373 2488 1408 2521 p.
1435 2480 1490 2519 24,
1519 2478 1620 2519 125q.
1648 2479 1701 2518 27,
1727 2480 1767 2519 4;

98 2533 152 2572 28,
179 2534 236 2574 19;
263 2534 316 2573 00,
343 2534 380 2573 9;
409 2534 483 2572 101,
509 2534 548 2574 5;
578 2534 652 2572 129,
679 2535 715 2576 3;
745 2535 820 2576 186,
846 2536 906 2576 133
934 2536 1011 2574 205,
1038 2535 1100 2577 22,
1127 2537 1204 2577 207,
1231 2536 1268 2576 53
1293 2535 1379 2579 ¹336,
1406 2536 1466 2576 203
1493 2535 1570 2573 338,
1597 2536 1628 2565 5.

98 2589 131 2626 4)
155 2585 261 2621 facile
294 2587 324 2621 ei
350 2587 613 2630 condonamus,
650 2587 744 2629 quod
770 2598 842 2621 non
867 2592 965 2624 recte
995 2590 1170 2624 intellexit
1194 2601 1228 2634 p.
1255 2593 1338 2632 505,
1366 2591 1384 2622 2
1417 2590 1765 2634 τυμβωρυχοῦντες,

98 2641 159 2676 ubi
191 2642 289 2678 dedit
320 2644 356 2677 in
389 2642 515 2676 domos
547 2643 639 2676 euim
674 2653 746 2677 uon
779 2648 918 2679 tcmtum
948 2646 1012 2680 sed
1040 2651 1074 2681 et
1102 2647 1139 2680 in
1163 2645 1359 2692 sepulchra
1383 2646 1561 2679 irruentes
1585 2645 1768 2681 cadauera

97 2697 312 2742 spoliabant.
339 2699 483 2742 grauius
509 2703 562 2733 est
587 2699 683 2743 quod
707 2710 741 2744 p.
760 2702 838 2743 495,
868 2704 904 2735 17
931 2704 994 2737 καὶ
1019 2705 1137 2738 ταῦτα
1162 2721 1206 2728 —-
1231 2700 1393 2749 ἐροῦμεν
1417 2701 1467 2735 sic
1491 2701 1612 2735 uertit:
1642 2712 1767 2736 uerum

98 2763 190 2797 quae
208 2765 279 2799 per
304 2754 526 2789 territorium
557 2759 661 2799 qesta
686 2760 768 2790 suut
795 2762 926 2802 postea
951 2769 1029 2793 cum
1054 2769 1172 2792 rerum
1206 2757 1430 2792 documentis
1460 2756 1629 2791 dicemus.

99 2811 133 2849 5)
159 2810 256 2844 uelut
279 2821 315 2854 p.
342 2813 417 2853 503,
437 2812 479 2844 22
503 2810 612 2856 μέχρι
636 2831 677 2836 -
706 2815 876 2848 καλεῖται
900 2814 1205 2859 interpretabatur
1230 2814 1279 2848 ad
1294 2814 1367 2849 uici
1387 2818 1530 2859 partem
1555 2815 1616 2848 cui
1637 2825 1766 2848 nomen

98 2868 150 2899 est
176 2864 384 2900 erebiutlzon
411 2867 532 2908 oicos,·
564 2868 608 2902 cf.
635 2878 670 2912 p.
700 2871 752 2911 77,
779 2872 797 2903 2
824 2870 918 2913 quod
943 2870 1195 2905 adnotauimus
1221 2881 1424 2912 ccozaeome,
1451 2869 1545 2914 quod
1570 2871 1606 2904 in
1630 2870 1766 2914 graecis

99 2922 151 2954 est
179 2921 285 2957 Κανᾶ
308 2919 426 2967 κώμη.
521 2926 553 2964 6)
579 2923 660 2958 uide
685 2924 732 2958 ad
756 2936 789 2968 p.
810 2928 871 2969 53,
901 2931 936 2969 13
969 2929 1041 2969 167,
1072 2929 1127 2966 18;
1154 2930 1230 2969 251,
1256 2930 1308 2961 23.
