2039 3251
26 899 63 930 10

28 1236 63 1268 15

30 1574 67 1607 20

554 167 619 201 DE
646 166 803 202 BELLO
830 167 926 202 IUl).
953 167 985 201 V
1012 169 1141 202 76-84
1167 169 1204 208 (ΙΙ
1234 170 1264 208 4)
1671 167 1751 202 445

85 276 441 336 σιτασθησεσθαι
464 280 542 330 τὰς
565 278 702 335 ὁρμὰς
724 282 775 336 τι]
801 279 966 331 στάσει,
992 280 1384 336 συνεταράχθησαν
1408 276 1643 335 ἀδοκήτως,
1676 281 1745 322 καὶ

85 350 172 390 τιῦν
203 347 338 403 ἔργων
378 344 591 404 ἀφέμενοι
630 348 745 397 τινες
783 347 861 400 μὲν
894 343 1138 401 ἀνεχώρουν
1172 349 1361 397 εὐθέως,
1404 349 1562 389 πολλοὶ
1596 342 1637 388 δ’
1676 346 1748 389 ἐπὶ

88 415 142 457 τὰ
163 411 283 457 ὅπλα
314 418 496 464 θέοντες
518 417 623 469 πρὶν
656 414 985 470 ἐπιστραφῆναι
1018 414 1131 468 πρὸς
1153 415 1256 465 τοὺς
1288 414 1475 469 ἐχθροὶ-ς
1498 414 1750 470 ἐφθάνοντο

91 483 340 536 ,ἰέιιιιίιιε1ὀι.
406 486 718 537 προσεγίνοντο
761 482 803 523 δὲ
847 491 940 531 τοῖς
976 478 1202 531 Ἰουδαίοις
1243 480 1311 524 dez
1351 484 1532 531 πλείοις
1574 481 1646 523 isc}
1688 483 1749 536 τῷ

88 559 261 605 κρατεῖν
292 549 393 600 τοὺς
423 547 624 605 πρώτοις
654 549 989 605 τεθαρρηκότες,
1021 551 1202 591 καὶτῶν
1224 547 1361 591 ὄντων
1384 550 1752 599 πολλαπλασίους

91 617 266 660 ἐδόκουν
298 622 424 674 σφίσι
448 634 493 660 τε
518 620 587 659 καὶ
620 626 713 666 τοῖς
744 618 976 669 πολεμίοις
1009 616 1131 672 δεξιᾷ
1158 617 1373 671 χρώμενοι
1406 619 1459 673 τῇ
1490 617 1607 673 τύχη.
1667 613 1753 670 μά-

91 686 219 728 λιστα
250 686 296 728 δὲ
326 684 426 734 τοὶ-ς
460 684 503 726 ἕν
533 685 631 727 ἔθει
654 684 898 733 συντάξεως
929 680 1059 732 ὄντας
1089 686 1161 726 καὶ
1192 684 1302 737 μετὰ
1335 685 1499 738 κόσμου
1532 687 1603 726 καὶ
1636 701 1752 739 παρ-

92 753 371 808 αγγελμάτων
417 753 625 805 πολεμεῖν
662 751 836 800 εἰδότας
867 748 1026 800 άταξία
1058 751 1280 806 φθάσασα
1312 756 1511 805 θορυβεῖ.
1582 752 1649 794 διὸ
1682 754 1751 793 καὶ

90 820 190 862 τότε
229 822 565 876 προληφθέντες
606 819 647 860 οἱ
675 816 886 871 Ῥωμαῖοι
926 826 1024 866 ταῖς
1063 818 1271 871 ἐμβολαῖς
1313 816 1440 861 εἶκον.
1500 821 1570 861 καὶ
1615 817 1750 861 ὁπότε

92 888 171 941 μὲν
202 887 517 943 ἐπιστραφεῖεν
548 886 590 928 οἱ
624 885 1088 939 καταλαμβανόμενοι,
1129 888 1207 927 τοῦ
1238 902 1285 927 τε
1317 886 1481 940 δρόμοι·
1522 885 1623 935 τοὺς
1650 882 1755 928 ’λοι--

92 955 242 1004 δαίους
274 954 448 1007 ἐπεῖχον
470 956 540 996 καὶ
565 953 637 996 διὰ
661 952 738 1007 την
761 949 899 1008 ὁρμὴν
930 949 1061 1007 ἧττον
1093 954 1449 1009 φυλαττομένους
1481 953 1755 1008 ἐτίτρωσκον,

91 1018 160 1064 ἀεὶ
192 1022 237 1064 δὲ
269 1022 556 1078 πληθυούσης
586 1024 661 1078 τῆς
694 1020 904 1077 ἐκδρομῆς
935 1022 1102 1074 μᾶλλον
1145 1021 1466 1075 ταραττόμενοι
1507 1024 1757 1063 τελευταῖον

91 1085 180 1131 άπὸ
214 1091 291 1131 τοῦ
323 1090 626 1143 στρατοπέδου
665 1091 917 1143 τρέπονται.
978 1091 1051 1131 καὶ
1092 1089 1210 1131 δοκεῖ
1248 1089 1349 1131 τότε
1390 1083 1442 1131 ἂν
1479 1089 1754 1132 κινδυνεῦσαι

90 1155 139 1199 τὸ
170 1156 315 1211 τάγμα
346 1159 450 1203 πᾶν
484 1156 522 1199 εἰ
551 1155 609 1213 μη
638 1161 769 1206 Τιτος
801 1152 929 1211 άγγελ
936 1156 1015 1198 θεν
1047 1152 1165 1212 αὐτῷ
1197 1156 1328 1209 τάχος
1360 1156 1655 1236 επεβοηθησε,
1687 1174 1756 1198 και

93 1223 238 1266 πολλὰ
278 1220 500 1274 ονειδίσας
541 1240 604 1273 εις
649 1220 889 1278 ἀνανδρίαν
936 1239 1199 1281 επιστρεφει
1240 1225 1318 1278 μὲν
1363 1224 1466 1275 τοίς
1506 1224 1758 1281 φεύγοντας.

95 1289 226 1342 αὐτὸς
266 1292 312 1335 δὲ
351 1293 560 1347 πλαγίοις
598 1301 692 1342 τοῖς
726 1288 957 1341 ’·Ιοιδαιόις
997 1292 1268 1345 προσπεσών
1299 1288 1405 1346 μεθ
1444 1289 1501 1335 (ὗν
1531 1296 1631 1349 ἡκεν
1663 1308 1761 1334 επι-

95 1360 255 1402 λέκτων
301 1374 481 1413 συχνους
519 1376 597 1412 μεν
639 1356 829 1411 ἀναιρεῖ,
876 1358 1106 1414 τιτρώσκει
1146 1360 1192 1401 δὲ
1231 1362 1434 1410 πλείοις,
1474 1363 1687 1414 τρέπεται
1718 1359 1761 1400 δε

95 1426 268 1477 πάντας
304 1429 377 1470 καὶ
417 1431 613 1470 συνωθεῖ
651 1425 760 1468 κατὰ
799 1429 876 1483 τῆς
916 1426 1154 1482 φάραγγος.
1223 1428 1265 1470 οἷ
1306 1423 1346 1469 δ’
1373 1429 1419 1470 έν
1457 1430 1520 1483 τῷ
1559 1426 1763 1469 κατάντει

96 1493 241 1536 πολλὰ
262 1498 536 1544 κακωθέντες
558 1492 617 1544 ὡς
636 1494 904 1546 διεξέπεσον,
929 1491 1131 1549 ἄντικρυς
1163 1494 1509 1551 ἐπιστρέφονται
1532 1497 1606 1537 καὶ
1627 1497 1763 1551 μέσην

98 1561 266 1614 έχοντες
287 1561 362 1617 τὴν
380 1562 604 1618 χαράδραν
632 1571 727 1612 τοῖς
744 1560 973 1616 Ρωμαίοις
995 1562 1268 1642 διεμάχοντο.
1309 1579 1433 1617 μεχρι
1455 1579 1534 1617 μεν
1557 1563 1606 1614 δὴ
1630 1566 1764 1619 μέσης

96 1626 261 1685 ημέρας
300 1625 438 1680 οὕτως
478 1629 742 1684 επολέιιοω,
784 1626 931 1685 ὀλίγον
973 1626 1013 1671 δ
1048 1626 1138 1672 απὸ
1180 1634 1456 1687 μεσημβρίας
1498 1629 1766 1679 εκκλί1ο1τος

96 1693 190 1754 ἤδη,
229 1702 358 1748 Τίτος
388 1715 491 1748 τους
521 1694 628 1751 μεθ
667 1695 801 1740 αὑτοῦ
839 1697 1277 1755 προσβοηθήσαντας
1316 1699 1385 1739 καὶ
1419 1697 1522 1747 τοὺς
1555 1693 1645 1739 άπὸ
1679 1699 1766 1739 τιῦ1

99 1767 294 1820 σπειρῶν
332 1774 427 1815 τοῖς
467 1766 740 1821 ἐκτρέχουσιν
780 1763 1144 1820 ἀντιπαρατάξας
1183 1764 1232 1807 τὸ
1267 1765 1426 1808 λοιπὸν
1464 1765 1610 1821 τάγμα
1652 1764 1766 1820 πρὸς

97 1830 173 1874 τὸν
203 1831 427 1887 τειχισμὸν
459 1828 713 1887 ἀνέπεμπεν
745 1832 808 1883 εἷς
838 1831 915 1890 τὴν
948 1830 1212 1887 ἀκρώρειαν.

211 2056 443 2092 PAMLVRO
453 2056 522 2090 Lat
531 2056 754 2101 Hegesippus
772 2056 805 2091 V
823 2060 843 2091 4
871 2068 904 2101 p.
924 2059 1001 2092 284.
1042 2057 1204 2092 Zonaras
1224 2058 1240 2091 I
1264 2069 1299 2102 p.
1318 2060 1394 2092 526.

215 2128 230 2160 1
257 2121 606 2171 συνεταράχθησαν,
630 2138 652 2169 χ
678 2124 700 2158 ἰ.
734 2133 802 2158 ras.
831 2134 874 2158 ex
905 2139 932 2169 φ
957 2135 1048 2160 corr.
1082 2124 1154 2159 uid.
1181 2126 1214 2158 A
1353 2128 1371 2159 2
1398 2125 1592 2170 α’φέμενοι]
1626 2125 1770 2171 ἐφιέμε-

100 2194 158 2218 νοι
181 2181 211 2216 L
342 2180 423 2226 μὲν]
448 2180 518 2224 μὲν
543 2174 610 2216 οὖν
633 2180 663 2214 L
782 2180 819 2216 δὲ
844 2180 942 2216 LVR
1057 2183 1077 2214 3
1102 2179 1335 2226 ἐφθάνοντο]
1367 2181 1426 2215 LC
1438 2181 1508 2215 Lat
1537 2180 1768 2227 ἐφονεύοντο

99 2237 270 2273 PAMVR
407 2243 425 2270 6
451 2249 510 2279 τε,
535 2250 555 2272 τ
579 2247 623 2271 ex
655 2246 746 2271 corr.
773 2236 810 2269 M
947 2239 994 2282 τῇ
1018 2234 1108 2282 τύχῃ
1131 2234 1325 2283 χρώμενοι
1351 2242 1394 2271 tr.
1422 2238 1448 2271 C
1579 2236 1770 2283 χρώμενοι

100 2304 168 2329 om.
193 2293 260 2329 VR
375 2296 394 2328 S
420 2290 578 2335 εἰδότας]
605 2290 793 2335 εἰωθότας
818 2293 939 2328 Naber
1037 2296 1056 2328 9
1082 2296 1144 2329 καὶ
1172 2290 1292 2329 ὁπότε
1316 2293 1395 2337 μὲν]
1422 2294 1455 2328 se·
1478 2294 1625 2339 quando
1653 2301 1771 2330 tamen

99 2350 185 2393 Lat,
214 2349 310 2384 unde
335 2346 456 2385 ὁπότε
480 2349 610 2393 μέντοι
634 2349 808 2384 Destinon
925 2353 965 2384 10
993 2348 1028 2385 οἳ
1053 2350 1213 2393 spurium
1238 2352 1341 2393 putat
1364 2350 1540 2385 Destinon
1644 2353 1683 2385 12
1708 2354 1772 2396 τῆς

100 2415 168 2441 om.
195 2406 228 2440 A
379 2403 662 2452 ταρασσόμενοι
687 2405 714 2439 Ρ
876 2409 1092 2441 τελευταῖον
1124 2416 1192 2440 om.
1224 2405 1291 2440 VR
1429 2409 1469 2441 13
1501 2409 1615 2448 δοκεῖ]
1650 2404 1771 2444 ἐδόκει

101 2461 203 2496 LLat
361 2458 410 2498 ἄν
434 2472 502 2497 om.
532 2461 660 2497 LVRG
803 2465 842 2496 14
875 2457 1072 2508 α’γγελθεν]
1105 2456 1419 2508 ἅπαγγελθέντοσ
1450 2463 1480 2496 L
1513 2458 1771 2509 οἷγγελθέντοσ

101 2517 197 2553 VRC
342 2517 469 2564 τάχος]
507 2517 563 2554 διὰ
597 2514 740 2562 τάχουσ
770 2517 898 2552 LVRC
1048 2522 1085 2552 15
1119 2515 1350 2565 άνανδρείαν
1383 2518 1529 2554 PAV¹R
1694 2518 1772 2556 ἐπὶ·

104 2574 245 2622 στρέφη
271 2574 296 2608 C
426 2574 495 2619 μὲν
518 2574 540 2608 i.
566 2583 675 2617 marg.
703 2574 818 2618 suppl.
843 2574 877 2609 R
993 2577 1033 2608 16
1057 2570 1148 2618 μεθ’
1175 2595 1217 2599 -
1243 2574 1459 2616 ἐπιλέκτων]
1492 2585 1584 2619 quos
1614 2576 1712 2610 circa
1737 2586 1774 2610 se

104 2629 255 2666 habebat
285 2631 416 2666 electos
445 2631 515 2665 Lat
654 2623 752 2675 ἧκεν]
784 2625 874 2677 ἦγεν
906 2630 943 2664 Μ
976 2624 1021 2677 ἦν
1053 2631 1082 2665 L
1213 2635 1250 2665 17
1280 2628 1466 2677 συγχνοὺσ
1491 2632 1522 2667 V
1664 2635 1703 2667 18
1737 2633 1772 2668 δὲ-

106 2686 202 2722 VRO
336 2684 492 2723 κατάντι
517 2686 625 2721 PRG¹
648 2685 815 2732 κατάντη
834 2687 866 2719 Α
1005 2689 1047 2720 20
1072 2687 1187 2733 μέσης
1210 2685 1363 2732 ἡμέρας]
1388 2689 1629 2735 μεσημβρίασ
1653 2688 1682 2722 L

108 2745 149 2777 21
178 2738 320 2789 ὀλίγον]
343 2739 476 2789 ἡλίγον
500 2753 544 2776 ex
570 2740 701 2788 ὀλίγου
726 2752 817 2776 corr.
842 2743 875 2776 A
1006 2743 1044 2779 δὲ
1067 2743 1162 2778 VRC
1294 2746 1337 2778 22
1365 2739 1454 2787 μετ’
1479 2742 1597 2780 αὐτοῦ
1621 2744 1657 2777 Μ
1681 2743 1774 2788 μεθ’

110 2796 244 2835 ἑαυτοῦ
266 2798 361 2834 VRO
476 2795 563 2840 τοὺς
589 2818 631 2823 —
667 2795 1052 2844 προσβοηθήσαντας]
1087 2798 1143 2833 his
1181 2799 1244 2845 qui
1280 2810 1399 2834 secum
1424 2806 1529 2834 erant
1554 2800 1591 2834 in
1615 2800 1776 2835 subsidio

111 2853 298 2889 collocatis
313 2854 384 2889 Lat
467 2851 566 2897 τοὺς]
591 2860 676 2890 τοῖσ
692 2854 752 2888 LO
769 2853 851 2888 aliis
868 2854 938 2888 Lat
1022 2853 1242 2902 ἐκτρέχουσι
1268 2856 1332 2890 PA
1369 2857 1373 2860 ’
1418 2858 1459 2890 23
1485 2854 1594 2903 πρὸς]
1621 2856 1678 2892 εἰσ
1700 2856 1730 2890 L

113 2911 156 2943 24
179 2904 400 2954 ἀπέπεμπεν
424 2911 456 2944 Α
548 2905 757 2957 άκρόρειαν
786 2910 812 2945 C

1786 822 1837 862 80

1790 1093 1836 1132 81

1797 1431 1848 1471 83

1798 1566 1850 1606 84
