1987 3246
222 146 357 180 LXXII
955 145 1143 179 Praefatio.

278 274 328 312 γρ
361 259 401 299 in
434 258 650 300 codicibus
683 257 947 299 coniunctum
979 276 1031 289 =
1062 256 1291 312 γράφεται.

279 325 372 363 add.
404 344 458 356 -——
489 324 609 365 addit
639 322 801 364 addunt
830 324 899 364 uel
931 324 1081 366 simile.

280 403 390 429 corr.
426 410 475 422 z
508 390 694 432 correxit
724 394 955 432 correctum
988 395 1226 433 correctura
1255 393 1323 433 uel
1355 392 1505 434 simile.

282 469 397 495 eumz.
429 476 483 488 =
516 457 686 498 euanuit
716 456 954 498 euanidum.

269 523 379 575 soz-t.
413 542 464 554 -—-
496 522 686 564 fortasse.

278 593 303 629 2'.
335 603 463 641 marq.
495 609 550 622 =
581 591 623 631 in
654 591 856 642 margine.

280 657 354 695 litt.
388 675 443 688 =
473 657 614 698 littera
644 657 810 698 litterae
841 660 919 699 etc.

279 737 384 762 man.
415 727 488 764 aut
518 737 568 762 m.
600 742 654 755 =
685 737 834 765 manus
864 736 1001 765 manu.

282 804 359 829 om.
391 809 446 822 =
477 791 631 832 omittit
662 791 867 832 omittunt.

281 871 363 896 ras.
396 876 451 889 =
483 871 639 899 rasura.
691 870 797 895 eras.
829 875 884 888 =
916 869 1080 898 erasum
1113 869 1234 898 erasa
1265 860 1341 899 etc.

280 939 362 964 rec.
396 944 447 956 z
479 938 625 967 recens
655 924 816 967 recenti
848 928 925 965 etc.

279 1006 310 1030 s.
343 1010 398 1023 =
429 1005 556 1045 supra
586 992 765 1044 scripsit,
798 1004 925 1044 supra
955 991 1164 1043 scriptum.

279 1058 411 1112 suppl.
443 1077 498 1091 =
528 1059 742 1112 suppleuit
772 1058 1036 1111 suppletum,
1071 1057 1182 1110 quod
1213 1058 1403 1110 ponitur,
1445 1057 1480 1099 si
1512 1055 1615 1109 quid
1645 1069 1670 1097 a
1700 1056 1883 1097 librariis

369 1127 549 1179 primum
581 1125 782 1167 omissum
814 1124 970 1166 deinde
1001 1124 1319 1176 superadditum
1351 1128 1425 1165 est.

283 1200 335 1233 tr.
368 1212 422 1224 =
453 1192 690 1246 transponit
719 1195 1007 1244 transponunt.

281 1274 319 1299 u.
352 1279 404 1291 =
436 1272 593 1301 uersus.

281 1326 363 1365 nid.
396 1345 449 1358 =
480 1326 658 1367 uidetur.

286 1393 291 1447 1
318 1394 444 1435 finem
475 1406 634 1445 uersus,
659 1391 672 1444 ΙΙ
694 1392 818 1433 finem
851 1391 1032 1445 paginae
1063 1390 1281 1443 significat.

335 1460 571 1514 Hegesippi
602 1461 666 1500 usi
697 1472 836 1500 sumus
868 1458 1052 1499 editione
1073 1458 1243 1499 Weber-i
1274 1458 1502 1510 (Marburgi
1529 1458 1664 1510 1864),
1697 1458 1887 1499 Zonarae

225 1529 487 1580 aliorumque
519 1527 766 1579 scriptorum
800 1525 1125 1578 Byzantinorum
1157 1524 1384 1566 editionem
1417 1525 1694 1567 Bonnensem.

341 1660 595 1703 Addendum
628 1661 681 1702 de
713 1660 805 1702 cod.
839 1660 972 1701 Paris.
1008 1660 1113 1699 1428
1145 1658 1203 1711 (p.
1234 1658 1346 1699 XVI.
1379 1658 1455 1698 LII
1468 1661 1559 1711 sq.).

339 1727 457 1778 Quae
488 1741 613 1780 supra
642 1730 665 1775 ξ
690 1731 734 1768 11
771 1727 1079 1779 disputauimus
1110 1726 1223 1778 typis
1253 1725 1338 1766 iam
1369 1726 1582 1778 descripta
1613 1730 1750 1777 erant,
1793 1738 1886 1767 cum

226 1796 494 1847 Marburgum
515 1795 666 1836 missus
690 1799 752 1836 est
773 1795 909 1835 codex
926 1793 1140 1834 Parisinus
1161 1794 1290 1846 14283
1314 1806 1443 1846 quare
1466 1792 1519 1834 de
1542 1806 1592 1835 eo
1612 1806 1721 1834 nunc
1743 1793 1886 1845 paullo

226 1863 404 1904 certiora
426 1862 509 1903 dici
526 1865 712 1914 possunt.
763 1860 835 1913 qui
858 1865 898 1901 et
920 1861 1016 1901 aliis
1037 1859 1141 1901 locis
1163 1873 1255 1901 cum
1276 1860 1307 1902 O
1329 1861 1514 1901 maxime
1537 1862 1743 1901 consentit
1764 1863 1805 1901 et
1826 1860 1886 1901 eis

227 1930 298 1983 qui
330 1942 458 1982 supra
487 1942 527 1981 p.
552 1928 626 1968 LII
648 1928 868 1969 memorati
901 1932 1006 1968 sunt.
1068 1930 1153 1967 tum
1185 1940 1226 1979 p
1250 1928 1344 1979 281,
1368 1929 1419 1966 50
1453 1925 1557 1967 haec
1588 1925 1777 1967 exhibet:
1813 1923 1887 1966 διὰ

227 1996 405 2050 πλῆθος
427 1989 598 2050 ἀγαθῆς
616 1993 732 2042 πόας
748 1988 1060 2047 γαλακτοφόρα
1077 2009 1131 2033 τα
1147 1992 1276 2048 κτήνη
1294 1985 1463 2033 πλέον
1446 1985 1472 2046 ι]
1494 2008 1585 2045 παρ
1630 1988 1792 2043 ἄλλοις,
1814 1994 1886 2045 με’-

226 2062 377 2118 γιστόν
406 2077 453 2116 γε
482 2059 566 2116 μὴν
599 2056 753 2117 αρετῆς
783 2061 854 2101 καὶ
888 2056 1097 2115 ευθηνίας
1127 2059 1357 2115 τεκμήριον
1388 2058 1436 2100 τὸ
1472 2058 1691 2115 πληθύειν
1714 2054 1886 2112 ανόριῦν

228 2129 447 2182 ἑκατέραν.
485 2129 590 2171 haec
611 2133 655 2170 ut
672 2129 725 2169 ab
743 2128 916 2180 reliquis
934 2128 1126 2169 omnibus
1144 2128 1406 2179 dissentiunt,
1431 2129 1489 2169 ita
1509 2128 1775 2169 consentiunt
1796 2141 1888 2170 cum

228 2199 282 2252 (33
313 2200 489 2251 apparet
510 2201 650 2237 tamen
672 2195 909 2236 Parisinum
934 2207 987 2236 ex
1009 2194 1040 2237 O
1063 2195 1299 2248 excriptum
1320 2208 1403 2236 non
1425 2207 1541 2247 esse3
1573 2195 1702 2236 immo
1725 2207 1832 2248 quae
1854 2195 1886 2236 G

229 2265 357 2307 tradit
378 2277 431 2306 ex
452 2263 654 2304 Parisinis
677 2266 873 2315 corrupta
894 2262 1101 2303 uidentur.
1147 2275 1188 2314 p.
1215 2263 1308 2314 386,
1326 2265 1349 2302 4
1373 2261 1546 2304 exhibet
1567 2259 1591 2315 ἢ
1616 2258 1666 2316 δὴ
1693 2261 1764 2301 καὶ
1787 2259 1887 2301 τότε

230 2346 324 2374 cum
347 2332 440 2373 Par.
466 2332 572 2372 1429
596 2330 700 2371 Red.
724 2329 860 2371 Berol.
884 2351 937 2356 -—
960 2328 1002 2368 in
1023 2329 1213 2382 margine
1245 2330 1335 2370 eius
1367 2330 1604 2382 complures
1627 2332 1722 2370 sunt
1742 2329 1886 2370 uariae

228 2399 431 2441 lectiones
462 2411 587 2439 manu
609 2399 746 2450 prima
767 2396 962 2448 scriptae,
994 2396 1110 2436 uelut
1130 2408 1169 2448 p.
1198 2399 1260 2448 19,
1288 2399 1336 2436 14
1369 2390 1619 2436 ἀποθανεῖν
1641 2395 1781 2445 tradit,
1812 2395 1888 2437 sed

230 2467 272 2507 in
303 2465 492 2517 margine
524 2459 790 2519 ἀνῃρῆσθαι.
851 2464 959 2503 inter
990 2463 1155 2514 reliqua
1185 2462 1486 2505 adnotamenta
1521 2462 1794 2504 memorabile
1826 2465 1889 2503 est

231 2532 344 2586 quod
376 2532 430 2573 de
451 2531 630 2573 Neronis
652 2535 840 2583 tempore
864 2529 919 2570 ad
944 2542 984 2581 p.
1010 2532 1103 2581 411,
1130 2532 1180 2570 14
1212 2530 1434 2571 ascribitur
1465 2525 1591 2569 ἄλλοι
1623 2527 1668 2569 δὲ
1700 2529 1839 2582 μῆνας
1859 2530 1885 2581 ῆ

230 2614 280 2653 γρ
298 2613 318 2637 >k
334 2614 354 2636 a<
378 2599 446 2649 (cf.
463 2611 589 2651 supra
609 2611 648 2651 p.
666 2596 920 2649 XXIIIsq.).
971 2609 1025 2637 ex
1048 2595 1112 2637 his
1134 2597 1313 2649 aliisque
1334 2597 1459 2639 rebus
1480 2596 1676 2650 apparuit
1698 2608 1751 2637 ex
1772 2595 1887 2636 nullo

231 2679 387 2719 eorum,
419 2665 490 2718 qui
522 2665 768 2718 superstites
800 2667 905 2709 sunt,
939 2676 1034 2704 eum
1066 2662 1302 2705 deriuatum
1334 2676 1438 2705 esse.

343 2744 558 2785 Dabamus
590 2743 630 2783 k.
663 2741 914 2784 Octobribus
950 2742 1067 2782 1894.

741 2861 900 2904 Iustus
931 2874 958 2904 a
989 2861 1236 2904 Destinon.
1295 2861 1583 2905 Benedictus
1613 2860 1773 2904 Niese.
