<?xml version="1.0" encoding="UTF-8"?>
<!DOCTYPE html PUBLIC "-//W3C//DTD XHTML 1.0 Transitional//EN"
    "http://www.w3.org/TR/xhtml1/DTD/xhtml1-transitional.dtd">
<html xmlns="http://www.w3.org/1999/xhtml" xml:lang="en" lang="en">
 <head>
  <title>
</title>
<meta http-equiv="Content-Type" content="text/html;charset=utf-8" />
  <meta name='ocr-system' content='tesseract 3.04.00' />
  <meta name='ocr-capabilities' content='ocr_page ocr_carea ocr_par ocr_line ocrx_word'/>
</head>
<body>
  <div class='ocr_page' id='page_1' title='image "./operajosephus06joseuoft_0409.png"; bbox 0 0 2039 3251; ppageno 0'>
   <div class='ocr_carea' id='block_1_1' title="bbox 38 884 72 916">
    <p class='ocr_par' dir='ltr' id='par_1_1' title="bbox 38 884 72 916">
     <span class='ocr_line' id='line_1_1' title="bbox 38 884 72 916; baseline -0.029 0"><span class='ocrx_word' id='word_1_1' title='bbox 38 884 72 916; x_wconf 87' lang='lat'><em>10</em></span> 
     </span>
    </p>
   </div>
   <div class='ocr_carea' id='block_1_2' title="bbox 36 1221 70 1253">
    <p class='ocr_par' dir='ltr' id='par_1_2' title="bbox 36 1221 70 1253">
     <span class='ocr_line' id='line_1_2' title="bbox 36 1221 70 1253; baseline 0.029 -1"><span class='ocrx_word' id='word_1_2' title='bbox 36 1221 70 1253; x_wconf 82' lang='lat'><em>15</em></span> 
     </span>
    </p>
   </div>
   <div class='ocr_carea' id='block_1_3' title="bbox 32 1558 68 1590">
    <p class='ocr_par' dir='ltr' id='par_1_3' title="bbox 32 1558 68 1590">
     <span class='ocr_line' id='line_1_3' title="bbox 32 1558 68 1590; baseline 0 0"><span class='ocrx_word' id='word_1_3' title='bbox 32 1558 68 1590; x_wconf 83' lang='lat'><em>20</em></span> 
     </span>
    </p>
   </div>
   <div class='ocr_carea' id='block_1_4' title="bbox 517 147 1767 193">
    <p class='ocr_par' dir='ltr' id='par_1_4' title="bbox 517 147 1767 193">
     <span class='ocr_line' id='line_1_4' title="bbox 517 147 1767 193; baseline -0.002 -8"><span class='ocrx_word' id='word_1_4' title='bbox 517 150 583 185; x_wconf 76' lang='lat' dir='ltr'><em>DE</em></span> <span class='ocrx_word' id='word_1_5' title='bbox 609 150 769 186; x_wconf 86' lang='lat' dir='ltr'>BELLO</span> <span class='ocrx_word' id='word_1_6' title='bbox 795 150 892 186; x_wconf 91' lang='lat' dir='ltr'><strong>IUD.</strong></span> <span class='ocrx_word' id='word_1_7' title='bbox 918 150 970 184; x_wconf 90' lang='lat'><em>111</em></span> <span class='ocrx_word' id='word_1_8' title='bbox 995 151 1173 185; x_wconf 83' lang='grc'>414-422</span> <span class='ocrx_word' id='word_1_9' title='bbox 1198 151 1245 191; x_wconf 76' lang='lat' dir='ltr'><em>(lx</em></span> <span class='ocrx_word' id='word_1_10' title='bbox 1276 154 1303 180; x_wconf 81' lang='lat'><em>2.</em></span> <span class='ocrx_word' id='word_1_11' title='bbox 1328 149 1358 193; x_wconf 82' lang='lat'><em>3)</em></span> <span class='ocrx_word' id='word_1_12' title='bbox 1688 147 1767 183; x_wconf 75' lang='lat'><em>329</em></span> 
     </span>
    </p>
   </div>
   <div class='ocr_carea' id='block_1_5' title="bbox 99 260 1767 1673">
    <p class='ocr_par' dir='ltr' id='par_1_5' title="bbox 102 260 1767 1131">
     <span class='ocr_line' id='line_1_5' title="bbox 219 260 1767 320; baseline -0.003 -12"><span class='ocrx_word' id='word_1_13' title='bbox 219 270 257 309; x_wconf 84' lang='lat'><em>2.</em></span> <span class='ocrx_word' id='word_1_14' title='bbox 298 261 363 308; x_wconf 80' lang='grc' dir='ltr'><em>Ἐν</em></span> <span class='ocrx_word' id='word_1_15' title='bbox 404 265 450 308; x_wconf 82' lang='grc' dir='ltr'><em>δὲ</em></span> <span class='ocrx_word' id='word_1_16' title='bbox 493 264 635 320; x_wconf 75' lang='grc' dir='ltr'><em>τούτῳ</em></span> <span class='ocrx_word' id='word_1_17' title='bbox 681 266 1086 319; x_wconf 67' lang='grc' dir='ltr'><strong><em>συναθροισθέντες</em></strong></span> <span class='ocrx_word' id='word_1_18' title='bbox 1132 263 1177 305; x_wconf 80' lang='grc' dir='ltr'><em>οἵ</em></span> <span class='ocrx_word' id='word_1_19' title='bbox 1217 279 1265 305; x_wconf 91' lang='grc' dir='ltr'><em>τε</em></span> <span class='ocrx_word' id='word_1_20' title='bbox 1304 261 1415 305; x_wconf 86' lang='grc' dir='ltr'><em>κατὰ</em></span> <span class='ocrx_word' id='word_1_21' title='bbox 1456 260 1611 304; x_wconf 84' lang='grc' dir='ltr'><em>στάσιν</em></span> <span class='ocrx_word' id='word_1_22' title='bbox 1643 260 1767 304; x_wconf 74' lang='grc' dir='ltr'><em>ἐκπί-</em></span> 
     </span>
     <span class='ocr_line' id='line_1_6' title="bbox 106 330 1766 388; baseline -0.002 -13"><span class='ocrx_word' id='word_1_23' title='bbox 106 350 292 384; x_wconf 87' lang='grc' dir='ltr'><em>πτοντες</em></span> <span class='ocrx_word' id='word_1_24' title='bbox 338 335 423 376; x_wconf 75' lang='grc' dir='ltr'><em>τῶν</em></span> <span class='ocrx_word' id='word_1_25' title='bbox 461 332 634 375; x_wconf 89' lang='grc' dir='ltr'><em>πόλεων</em></span> <span class='ocrx_word' id='word_1_26' title='bbox 680 333 752 374; x_wconf 85' lang='grc' dir='ltr'><em>καὶ</em></span> <span class='ocrx_word' id='word_1_27' title='bbox 798 332 839 374; x_wconf 81' lang='grc' dir='ltr'><em>οἱ</em></span> <span class='ocrx_word' id='word_1_28' title='bbox 887 331 1173 388; x_wconf 74' lang='grc' dir='ltr'><em>διαφυγόντες</em></span> <span class='ocrx_word' id='word_1_29' title='bbox 1219 330 1264 373; x_wconf 80' lang='grc' dir='ltr'><em>έκ</em></span> <span class='ocrx_word' id='word_1_30' title='bbox 1307 335 1394 372; x_wconf 84' lang='grc' dir='ltr'><em>τῶν</em></span> <span class='ocrx_word' id='word_1_31' title='bbox 1439 332 1766 386; x_wconf 81' lang='grc' dir='ltr'><em>κατεστραμμέ-</em></span> 
     </span>
     <span class='ocr_line' id='line_1_7' title="bbox 107 393 1767 458; baseline -0.002 -15"><span class='ocrx_word' id='word_1_32' title='bbox 107 418 212 452; x_wconf 86' lang='grc' dir='ltr'><em>νων,</em></span> <span class='ocrx_word' id='word_1_33' title='bbox 247 402 425 458; x_wconf 66' lang='grc' dir='ltr'><em>πλῆθος</em></span> <span class='ocrx_word' id='word_1_34' title='bbox 455 396 529 443; x_wconf 70' lang='grc' dir='ltr'><em>οὖν,</em></span> <span class='ocrx_word' id='word_1_35' title='bbox 560 396 727 455; x_wconf 80' lang='grc' dir='ltr'><em>ὀλίγον,</em></span> <span class='ocrx_word' id='word_1_36' title='bbox 762 396 1065 451; x_wconf 72' lang='grc' dir='ltr'><em>ἀνακτίζουσιν</em></span> <span class='ocrx_word' id='word_1_37' title='bbox 1089 395 1274 455; x_wconf 79' lang='grc' dir='ltr'><em>Ἰόππην</em></span> <span class='ocrx_word' id='word_1_38' title='bbox 1304 393 1568 455; x_wconf 79' lang='grc' dir='ltr'><em>ὁρμητήριον</em></span> <span class='ocrx_word' id='word_1_39' title='bbox 1599 401 1767 453; x_wconf 78' lang='grc' dir='ltr'><em>σφίσιν,</em></span> 
     </span>
     <span class='ocr_line' id='line_1_8' title="bbox 107 465 1765 526; baseline -0.003 -15"><span class='ocrx_word' id='word_1_40' title='bbox 107 468 414 526; x_wconf 74' lang='grc' dir='ltr'><em>ἐρημωθεῖσαν</em></span> <span class='ocrx_word' id='word_1_41' title='bbox 454 467 540 510; x_wconf 69' lang='grc' dir='ltr'><em>ὑπὸ</em></span> <span class='ocrx_word' id='word_1_42' title='bbox 573 472 762 511; x_wconf 78' lang='grc' dir='ltr'><em>Κεστίου</em></span> <span class='ocrx_word' id='word_1_43' title='bbox 794 467 1026 522; x_wconf 77' lang='grc' dir='ltr'><em>πρότερον,</em></span> <span class='ocrx_word' id='word_1_44' title='bbox 1068 467 1142 508; x_wconf 84' lang='grc' dir='ltr'><em>καὶ</em></span> <span class='ocrx_word' id='word_1_45' title='bbox 1172 468 1248 522; x_wconf 74' lang='grc' dir='ltr'><em>τῆς</em></span> <span class='ocrx_word' id='word_1_46' title='bbox 1277 465 1421 519; x_wconf 79' lang='grc' dir='ltr'><em>χώρας</em></span> <span class='ocrx_word' id='word_1_47' title='bbox 1452 465 1765 519; x_wconf 74' lang='grc' dir='ltr'><em>ἐκπεπολεμω-</em></span> 
     </span>
     <span class='ocr_line' id='line_1_9' title="bbox 105 532 1765 593; baseline -0.002 -15"><span class='ocrx_word' id='word_1_48' title='bbox 105 539 236 593; x_wconf 84' lang='grc' dir='ltr'><em>μένης</em></span> <span class='ocrx_word' id='word_1_49' title='bbox 258 532 557 591; x_wconf 74' lang='grc' dir='ltr'><em>ἀνειργόμενοι</em></span> <span class='ocrx_word' id='word_1_50' title='bbox 583 538 866 589; x_wconf 77' lang='grc' dir='ltr'><em>μεταβαίνειν</em></span> <span class='ocrx_word' id='word_1_51' title='bbox 898 534 1090 590; x_wconf 71' lang='grc' dir='ltr'><em>ἔγνωσαν</em></span> <span class='ocrx_word' id='word_1_52' title='bbox 1122 533 1184 583; x_wconf 83' lang='grc' dir='ltr'><em>εἰς</em></span> <span class='ocrx_word' id='word_1_53' title='bbox 1213 532 1291 588; x_wconf 78' lang='grc' dir='ltr'><em>τὴν</em></span> <span class='ocrx_word' id='word_1_54' title='bbox 1322 533 1572 575; x_wconf 72' lang='grc' dir='ltr'><em>θάλασσαν.</em></span> <span class='ocrx_word' id='word_1_55' title='bbox 1623 532 1765 589; x_wconf 81' lang='grc' dir='ltr'><em>πηξά-</em></span> 
     </span>
     <span class='ocr_line' id='line_1_10' title="bbox 103 601 1766 660; baseline -0.001 -15"><span class='ocrx_word' id='word_1_56' title='bbox 103 608 230 657; x_wconf 87' lang='grc' dir='ltr'><em>μενοί</em></span> <span class='ocrx_word' id='word_1_57' title='bbox 251 620 298 645; x_wconf 88' lang='grc' dir='ltr'><em>τε</em></span> <span class='ocrx_word' id='word_1_58' title='bbox 319 602 554 660; x_wconf 73' lang='grc' dir='ltr'><em>πειρατικὰ</em></span> <span class='ocrx_word' id='word_1_59' title='bbox 586 602 730 659; x_wconf 84' lang='grc' dir='ltr'><em>σκάφη</em></span> <span class='ocrx_word' id='word_1_60' title='bbox 764 603 953 644; x_wconf 86' lang='grc' dir='ltr'><em>πλεῖστα</em></span> <span class='ocrx_word' id='word_1_61' title='bbox 983 601 1058 644; x_wconf 85' lang='grc' dir='ltr'><em>τόν</em></span> <span class='ocrx_word' id='word_1_62' title='bbox 1089 617 1136 643; x_wconf 90' lang='grc' dir='ltr'><em>τε</em></span> <span class='ocrx_word' id='word_1_63' title='bbox 1166 605 1328 654; x_wconf 79' lang='grc' dir='ltr'><em>Συρίας</em></span> <span class='ocrx_word' id='word_1_64' title='bbox 1357 602 1429 643; x_wconf 85' lang='grc' dir='ltr'><em>καὶ</em></span> <span class='ocrx_word' id='word_1_65' title='bbox 1455 605 1664 657; x_wconf 78' lang='grc' dir='ltr'><em>Φοινίκης</em></span> <span class='ocrx_word' id='word_1_66' title='bbox 1693 603 1766 644; x_wconf 87' lang='grc' dir='ltr'><em>καὶ</em></span> 
     </span>
     <span class='ocr_line' id='line_1_11' title="bbox 103 665 1764 726; baseline -0.001 -14"><span class='ocrx_word' id='word_1_67' title='bbox 103 669 180 713; x_wconf 85' lang='grc' dir='ltr'><em>τὸν</em></span> <span class='ocrx_word' id='word_1_68' title='bbox 211 666 284 713; x_wconf 64' lang='grc' dir='ltr'><em>ἐπ’</em></span> <span class='ocrx_word' id='word_1_69' title='bbox 315 671 551 726; x_wconf 75' lang='grc' dir='ltr'><em>Αἰγύπτου</em></span> <span class='ocrx_word' id='word_1_70' title='bbox 582 670 721 725; x_wconf 83' lang='grc' dir='ltr'><em>πόρον</em></span> <span class='ocrx_word' id='word_1_71' title='bbox 755 669 998 725; x_wconf 72' lang='grc' dir='ltr'><em>ἐλῄστευον,</em></span> <span class='ocrx_word' id='word_1_72' title='bbox 1032 665 1220 710; x_wconf 77' lang='grc' dir='ltr'><em>ἄπλωτά</em></span> <span class='ocrx_word' id='word_1_73' title='bbox 1250 684 1297 710; x_wconf 89' lang='grc' dir='ltr'><em>τε</em></span> <span class='ocrx_word' id='word_1_74' title='bbox 1329 670 1468 710; x_wconf 82' lang='grc' dir='ltr'><em>πᾶσιν</em></span> <span class='ocrx_word' id='word_1_75' title='bbox 1500 668 1681 711; x_wconf 75' lang='grc' dir='ltr'><em>ἐποίουν</em></span> <span class='ocrx_word' id='word_1_76' title='bbox 1711 669 1764 710; x_wconf 81' lang='grc' dir='ltr'><em>τὰ</em></span> 
     </span>
     <span class='ocr_line' id='line_1_12' title="bbox 102 732 1761 795; baseline -0.002 -15"><span class='ocrx_word' id='word_1_77' title='bbox 102 738 206 794; x_wconf 80' lang='grc' dir='ltr'><em>τῇδε</em></span> <span class='ocrx_word' id='word_1_78' title='bbox 251 738 432 795; x_wconf 83' lang='grc' dir='ltr'><em>πελάγη.</em></span> <span class='ocrx_word' id='word_1_79' title='bbox 505 733 844 787; x_wconf 67' lang='grc' dir='ltr'><em>Οὐεσπασιανὸς</em></span> <span class='ocrx_word' id='word_1_80' title='bbox 890 737 935 779; x_wconf 76' lang='grc' dir='ltr'><em>δὲ</em></span> <span class='ocrx_word' id='word_1_81' title='bbox 982 734 1041 786; x_wconf 77' lang='grc' dir='ltr'><em>(ὗς</em></span> <span class='ocrx_word' id='word_1_82' title='bbox 1085 735 1193 791; x_wconf 75' lang='grc' dir='ltr'><em>ἔγνω</em></span> <span class='ocrx_word' id='word_1_83' title='bbox 1238 735 1316 791; x_wconf 75' lang='grc' dir='ltr'><em>τὴν</em></span> <span class='ocrx_word' id='word_1_84' title='bbox 1363 733 1566 786; x_wconf 79' lang='grc' dir='ltr'><em>σύνταξιν</em></span> <span class='ocrx_word' id='word_1_85' title='bbox 1606 732 1761 788; x_wconf 72' lang='grc' dir='ltr'><em>αὐτῶν,</em></span> 
     </span>
     <span class='ocr_line' id='line_1_13' title="bbox 104 799 1764 861; baseline -0.001 -14"><span class='ocrx_word' id='word_1_86' title='bbox 104 809 273 860; x_wconf 84' lang='grc' dir='ltr'><em>πέμπει</em></span> <span class='ocrx_word' id='word_1_87' title='bbox 300 802 458 857; x_wconf 76' lang='grc' dir='ltr'><em>πεζούς</em></span> <span class='ocrx_word' id='word_1_88' title='bbox 487 822 535 848; x_wconf 89' lang='grc' dir='ltr'><em>τε</em></span> <span class='ocrx_word' id='word_1_89' title='bbox 564 807 636 848; x_wconf 82' lang='grc' dir='ltr'><em>καὶ</em></span> <span class='ocrx_word' id='word_1_90' title='bbox 669 805 825 853; x_wconf 82' lang='grc' dir='ltr'><em>ἱππεῖς</em></span> <span class='ocrx_word' id='word_1_91' title='bbox 856 803 931 847; x_wconf 73' lang='grc' dir='ltr'><em>ἐπὶ</em></span> <span class='ocrx_word' id='word_1_92' title='bbox 962 803 1039 860; x_wconf 81' lang='grc' dir='ltr'><em>τὴν</em></span> <span class='ocrx_word' id='word_1_93' title='bbox 1056 799 1257 859; x_wconf 82' lang='grc' dir='ltr'><em>Ἰόππην,</em></span> <span class='ocrx_word' id='word_1_94' title='bbox 1289 805 1332 845; x_wconf 85' lang='grc' dir='ltr'><em>οἳ</em></span> <span class='ocrx_word' id='word_1_95' title='bbox 1363 802 1526 857; x_wconf 85' lang='grc' dir='ltr'><em>νύκτωρ</em></span> <span class='ocrx_word' id='word_1_96' title='bbox 1558 801 1618 854; x_wconf 74' lang='grc' dir='ltr'><em>ὥς</em></span> <span class='ocrx_word' id='word_1_97' title='bbox 1649 800 1764 861; x_wconf 78' lang='grc' dir='ltr'><em>ἀφύ-</em></span> 
     </span>
     <span class='ocr_line' id='line_1_14' title="bbox 105 868 1764 929; baseline 0 -15"><span class='ocrx_word' id='word_1_98' title='bbox 105 874 262 916; x_wconf 87' lang='grc' dir='ltr'><em>λακτον</em></span> <span class='ocrx_word' id='word_1_99' title='bbox 288 873 557 928; x_wconf 77' lang='grc' dir='ltr'><em>εἰσέρχονται</em></span> <span class='ocrx_word' id='word_1_100' title='bbox 585 872 663 928; x_wconf 82' lang='grc' dir='ltr'><em>τὴν</em></span> <span class='ocrx_word' id='word_1_101' title='bbox 694 872 840 916; x_wconf 91' lang='grc' dir='ltr'><em>πόλιν.</em></span> <span class='ocrx_word' id='word_1_102' title='bbox 891 873 932 915; x_wconf 82' lang='grc' dir='ltr'><em>οἱ</em></span> <span class='ocrx_word' id='word_1_103' title='bbox 965 868 1006 913; x_wconf 58' lang='grc' dir='ltr'><em>δ)</em></span> <span class='ocrx_word' id='word_1_104' title='bbox 1043 870 1086 913; x_wconf 75' lang='grc' dir='ltr'><em>έν</em></span> <span class='ocrx_word' id='word_1_105' title='bbox 1120 868 1227 927; x_wconf 67' lang='grc' dir='ltr'><em>αὐτῇ</em></span> <span class='ocrx_word' id='word_1_106' title='bbox 1259 870 1546 926; x_wconf 70' lang='grc' dir='ltr'><em>προῄσθοντο</em></span> <span class='ocrx_word' id='word_1_107' title='bbox 1578 871 1656 925; x_wconf 80' lang='grc' dir='ltr'><em>μὲν</em></span> <span class='ocrx_word' id='word_1_108' title='bbox 1687 870 1764 929; x_wconf 83' lang='grc' dir='ltr'><em>τὴν</em></span> 
     </span>
     <span class='ocr_line' id='line_1_15' title="bbox 105 935 1764 998; baseline -0.001 -15"><span class='ocrx_word' id='word_1_109' title='bbox 105 940 307 998; x_wconf 74' lang='grc' dir='ltr'><em>εἰσβολὴν</em></span> <span class='ocrx_word' id='word_1_110' title='bbox 347 943 421 983; x_wconf 87' lang='grc' dir='ltr'><em>καὶ</em></span> <span class='ocrx_word' id='word_1_111' title='bbox 460 941 797 990; x_wconf 77' lang='grc' dir='ltr'><em>καταδείσαντες</em></span> <span class='ocrx_word' id='word_1_112' title='bbox 834 942 911 982; x_wconf 83' lang='grc' dir='ltr'><em>τοῦ</em></span> <span class='ocrx_word' id='word_1_113' title='bbox 951 939 1030 993; x_wconf 78' lang='grc' dir='ltr'><em>μὲν</em></span> <span class='ocrx_word' id='word_1_114' title='bbox 1068 938 1226 993; x_wconf 80' lang='grc' dir='ltr'><em>εἵργειν</em></span> <span class='ocrx_word' id='word_1_115' title='bbox 1256 937 1357 988; x_wconf 80' lang='grc' dir='ltr'><em>τοὺς</em></span> <span class='ocrx_word' id='word_1_116' title='bbox 1384 936 1620 992; x_wconf 82' lang='grc' dir='ltr'><em>Ῥωμαίοις</em></span> <span class='ocrx_word' id='word_1_117' title='bbox 1653 935 1764 982; x_wconf 78' lang='grc' dir='ltr'><em>άπε-</em></span> 
     </span>
     <span class='ocr_line' id='line_1_16' title="bbox 102 1005 1764 1065; baseline -0.001 -15"><span class='ocrx_word' id='word_1_118' title='bbox 102 1012 339 1064; x_wconf 89' lang='grc' dir='ltr'><em>τρέποντο,</em></span> <span class='ocrx_word' id='word_1_119' title='bbox 380 1008 678 1065; x_wconf 84' lang='grc' dir='ltr'><em>συμφυγόντες</em></span> <span class='ocrx_word' id='word_1_120' title='bbox 717 1008 763 1049; x_wconf 79' lang='grc' dir='ltr'><em>δὲ</em></span> <span class='ocrx_word' id='word_1_121' title='bbox 802 1007 864 1057; x_wconf 83' lang='grc' dir='ltr'><em>εἷς</em></span> <span class='ocrx_word' id='word_1_122' title='bbox 894 1006 974 1057; x_wconf 80' lang='grc' dir='ltr'><em>τὰς</em></span> <span class='ocrx_word' id='word_1_123' title='bbox 1004 1009 1108 1056; x_wconf 77' lang='grc' dir='ltr'><em>ναῦς</em></span> <span class='ocrx_word' id='word_1_124' title='bbox 1138 1005 1334 1061; x_wconf 72' lang='grc' dir='ltr'><em>ἐξωτέρω</em></span> <span class='ocrx_word' id='word_1_125' title='bbox 1364 1007 1518 1060; x_wconf 82' lang='grc' dir='ltr'><em>βέλους</em></span> <span class='ocrx_word' id='word_1_126' title='bbox 1550 1007 1764 1049; x_wconf 84' lang='grc' dir='ltr'><em>διενυκτέ-</em></span> 
     </span>
     <span class='ocr_line' id='line_1_17' title="bbox 102 1091 274 1131; baseline -0.006 -12"><span class='ocrx_word' id='word_1_127' title='bbox 102 1091 274 1131; x_wconf 90' lang='grc' dir='ltr'><em>ρευσαν.</em></span> 
     </span>
    </p>

    <p class='ocr_par' dir='ltr' id='par_1_6' title="bbox 99 1137 1763 1673">
     <span class='ocr_line' id='line_1_18' title="bbox 217 1137 1761 1199; baseline -0.003 -11"><span class='ocrx_word' id='word_1_128' title='bbox 217 1149 254 1188; x_wconf 85' lang='grc'><em>3.</em></span> <span class='ocrx_word' id='word_1_129' title='bbox 289 1140 522 1198; x_wconf 56' lang='grc' dir='ltr'><em>)Αλιμε’νού</em></span> <span class='ocrx_word' id='word_1_130' title='bbox 562 1139 604 1185; x_wconf 70' lang='grc' dir='ltr'><em>δ’</em></span> <span class='ocrx_word' id='word_1_131' title='bbox 649 1140 781 1199; x_wconf 66' lang='grc' dir='ltr'><em>οὔσης</em></span> <span class='ocrx_word' id='word_1_132' title='bbox 816 1142 948 1198; x_wconf 87' lang='grc' dir='ltr'><em>φύσει</em></span> <span class='ocrx_word' id='word_1_133' title='bbox 978 1144 1054 1199; x_wconf 80' lang='grc' dir='ltr'><em>τῆς</em></span> <span class='ocrx_word' id='word_1_134' title='bbox 1080 1137 1286 1198; x_wconf 77' lang='grc' dir='ltr'><em>Ἰόππης,</em></span> <span class='ocrx_word' id='word_1_135' title='bbox 1331 1141 1518 1196; x_wconf 69' lang='grc' dir='ltr'><em>αἰγιαλῷ</em></span> <span class='ocrx_word' id='word_1_136' title='bbox 1548 1140 1630 1196; x_wconf 81' lang='grc' dir='ltr'><em>γὰρ</em></span> <span class='ocrx_word' id='word_1_137' title='bbox 1662 1140 1761 1184; x_wconf 72' lang='grc' dir='ltr'><em>ἑπι-</em></span> 
     </span>
     <span class='ocr_line' id='line_1_19' title="bbox 104 1205 1762 1268; baseline -0.001 -16"><span class='ocrx_word' id='word_1_138' title='bbox 104 1212 223 1268; x_wconf 81' lang='grc' dir='ltr'><em>λήγει</em></span> <span class='ocrx_word' id='word_1_139' title='bbox 260 1221 410 1266; x_wconf 83' lang='grc' dir='ltr'><em>τραχεῖ</em></span> <span class='ocrx_word' id='word_1_140' title='bbox 446 1213 518 1254; x_wconf 87' lang='grc' dir='ltr'><em>καὶ</em></span> <span class='ocrx_word' id='word_1_141' title='bbox 555 1209 604 1253; x_wconf 83' lang='grc' dir='ltr'><em>τὸ</em></span> <span class='ocrx_word' id='word_1_142' title='bbox 644 1211 723 1265; x_wconf 78' lang='grc' dir='ltr'><em>μὲν</em></span> <span class='ocrx_word' id='word_1_143' title='bbox 764 1207 870 1252; x_wconf 72' lang='grc' dir='ltr'><em>ἄλλο</em></span> <span class='ocrx_word' id='word_1_144' title='bbox 913 1212 1003 1252; x_wconf 83' lang='grc' dir='ltr'><em>πᾶν</em></span> <span class='ocrx_word' id='word_1_145' title='bbox 1043 1205 1210 1265; x_wconf 71' lang='grc' dir='ltr'><em>ὀρθίῳ,</em></span> <span class='ocrx_word' id='word_1_146' title='bbox 1248 1209 1384 1264; x_wconf 69' lang='grc' dir='ltr'><em>βραχύ</em></span> <span class='ocrx_word' id='word_1_147' title='bbox 1427 1209 1473 1252; x_wconf 81' lang='grc' dir='ltr'><em>δὲ</em></span> <span class='ocrx_word' id='word_1_148' title='bbox 1513 1208 1762 1252; x_wconf 79' lang='grc' dir='ltr'><em>συννεύοντι</em></span> 
     </span>
     <span class='ocr_line' id='line_1_20' title="bbox 100 1276 1761 1334; baseline -0.002 -13"><span class='ocrx_word' id='word_1_149' title='bbox 100 1279 210 1321; x_wconf 84' lang='grc' dir='ltr'><em>κατὰ</em></span> <span class='ocrx_word' id='word_1_150' title='bbox 255 1278 334 1330; x_wconf 77' lang='grc' dir='ltr'><em>τὰς</em></span> <span class='ocrx_word' id='word_1_151' title='bbox 377 1282 554 1333; x_wconf 82' lang='grc' dir='ltr'><em>κεραίας</em></span> <span class='ocrx_word' id='word_1_152' title='bbox 597 1277 894 1333; x_wconf 55' lang='grc' dir='ltr'><em>ἑκατέρωθεν</em></span> <span class='ocrx_word' id='word_1_153' title='bbox 943 1277 989 1319; x_wconf 77' lang='grc' dir='ltr'><em>αἱ</em></span> <span class='ocrx_word' id='word_1_154' title='bbox 1031 1278 1077 1319; x_wconf 86' lang='grc' dir='ltr'><em>δέ</em></span> <span class='ocrx_word' id='word_1_155' title='bbox 1117 1276 1228 1319; x_wconf 81' lang='grc' dir='ltr'><em>εἰσιν</em></span> <span class='ocrx_word' id='word_1_156' title='bbox 1267 1278 1448 1334; x_wconf 86' lang='grc' dir='ltr'><em>κρημνοὶ</em></span> <span class='ocrx_word' id='word_1_157' title='bbox 1487 1281 1649 1331; x_wconf 70' lang='grc' dir='ltr'><em>βαθεῖς</em></span> <span class='ocrx_word' id='word_1_158' title='bbox 1688 1278 1761 1319; x_wconf 85' lang='grc' dir='ltr'><em>καὶ</em></span> 
     </span>
     <span class='ocr_line' id='line_1_21' title="bbox 100 1341 1763 1401; baseline 0 -14"><span class='ocrx_word' id='word_1_159' title='bbox 100 1346 374 1401; x_wconf 74' lang='grc' dir='ltr'><em>προύχουσαι</em></span> <span class='ocrx_word' id='word_1_160' title='bbox 413 1345 627 1395; x_wconf 74' lang='grc' dir='ltr'><em>σπιλάδες</em></span> <span class='ocrx_word' id='word_1_161' title='bbox 665 1345 729 1396; x_wconf 83' lang='grc' dir='ltr'><em>εἰς</em></span> <span class='ocrx_word' id='word_1_162' title='bbox 768 1344 817 1388; x_wconf 78' lang='grc' dir='ltr'><em>τὸ</em></span> <span class='ocrx_word' id='word_1_163' title='bbox 855 1346 1066 1400; x_wconf 87' lang='grc' dir='ltr'><em>πέλαγος,</em></span> <span class='ocrx_word' id='word_1_164' title='bbox 1107 1344 1220 1387; x_wconf 69' lang='grc' dir='ltr'><em>ἔνθα</em></span> <span class='ocrx_word' id='word_1_165' title='bbox 1250 1347 1322 1387; x_wconf 85' lang='grc' dir='ltr'><em>καὶ</em></span> <span class='ocrx_word' id='word_1_166' title='bbox 1353 1347 1439 1386; x_wconf 81' lang='grc' dir='ltr'><em>τῶν</em></span> <span class='ocrx_word' id='word_1_167' title='bbox 1464 1341 1763 1400; x_wconf 80' lang='grc' dir='ltr'><em>Ἀνδρομέδας</em></span> 
     </span>
     <span class='ocr_line' id='line_1_22' title="bbox 101 1408 1762 1469; baseline -0.001 -13"><span class='ocrx_word' id='word_1_168' title='bbox 101 1414 272 1467; x_wconf 77' lang='grc' dir='ltr'><em>δεσμῶν</em></span> <span class='ocrx_word' id='word_1_169' title='bbox 324 1413 389 1456; x_wconf 75' lang='grc' dir='ltr'><em>ἔτι</em></span> <span class='ocrx_word' id='word_1_170' title='bbox 441 1412 710 1467; x_wconf 70' lang='grc' dir='ltr'><em>δεικνύμενοι</em></span> <span class='ocrx_word' id='word_1_171' title='bbox 762 1412 897 1455; x_wconf 89' lang='grc' dir='ltr'><em>τύποι</em></span> <span class='ocrx_word' id='word_1_172' title='bbox 940 1415 1204 1456; x_wconf 81' lang='grc' dir='ltr'><em>πιστοῦνται</em></span> <span class='ocrx_word' id='word_1_173' title='bbox 1247 1411 1325 1469; x_wconf 75' lang='grc' dir='ltr'><em>τὴν</em></span> <span class='ocrx_word' id='word_1_174' title='bbox 1371 1408 1640 1469; x_wconf 67' lang='grc' dir='ltr'><em>ἀρχαιότητα</em></span> <span class='ocrx_word' id='word_1_175' title='bbox 1683 1414 1762 1454; x_wconf 81' lang='grc' dir='ltr'><em>τοῦ</em></span> 
     </span>
     <span class='ocr_line' id='line_1_23' title="bbox 99 1479 1761 1537; baseline -0.001 -14"><span class='ocrx_word' id='word_1_176' title='bbox 99 1481 268 1535; x_wconf 58' lang='grc' dir='ltr'><em>μύθου,</em></span> <span class='ocrx_word' id='word_1_177' title='bbox 308 1481 485 1524; x_wconf 81' lang='grc' dir='ltr'><em>τύπτων</em></span> <span class='ocrx_word' id='word_1_178' title='bbox 525 1482 571 1524; x_wconf 77' lang='grc' dir='ltr'><em>δὲ</em></span> <span class='ocrx_word' id='word_1_179' title='bbox 609 1481 686 1524; x_wconf 85' lang='grc' dir='ltr'><em>τὸν</em></span> <span class='ocrx_word' id='word_1_180' title='bbox 727 1481 929 1537; x_wconf 81' lang='grc' dir='ltr'><em>αἰγιαλὸν</em></span> <span class='ocrx_word' id='word_1_181' title='bbox 968 1480 1165 1531; x_wconf 72' lang='grc' dir='ltr'><em>ἐναντίος</em></span> <span class='ocrx_word' id='word_1_182' title='bbox 1201 1484 1360 1537; x_wconf 81' lang='grc' dir='ltr'><em>βορέας</em></span> <span class='ocrx_word' id='word_1_183' title='bbox 1400 1482 1473 1523; x_wconf 85' lang='grc' dir='ltr'><em>καὶ</em></span> <span class='ocrx_word' id='word_1_184' title='bbox 1512 1479 1626 1534; x_wconf 81' lang='grc' dir='ltr'><em>πρὸς</em></span> <span class='ocrx_word' id='word_1_185' title='bbox 1663 1489 1761 1530; x_wconf 89' lang='grc' dir='ltr'><em>ταῖς</em></span> 
     </span>
     <span class='ocr_line' id='line_1_24' title="bbox 100 1544 1760 1605; baseline 0 -15"><span class='ocrx_word' id='word_1_186' title='bbox 100 1549 352 1603; x_wconf 87' lang='grc' dir='ltr'><em>δεχομέναις</em></span> <span class='ocrx_word' id='word_1_187' title='bbox 373 1552 557 1604; x_wconf 87' lang='grc' dir='ltr'><em>πέτραις</em></span> <span class='ocrx_word' id='word_1_188' title='bbox 578 1546 750 1605; x_wconf 71' lang='grc' dir='ltr'><em>ὑψηλὸν</em></span> <span class='ocrx_word' id='word_1_189' title='bbox 773 1544 1051 1603; x_wconf 75' lang='grc' dir='ltr'><em>ἀναπέμπων</em></span> <span class='ocrx_word' id='word_1_190' title='bbox 1071 1547 1121 1590; x_wconf 84' lang='grc' dir='ltr'><em>τὸ</em></span> <span class='ocrx_word' id='word_1_191' title='bbox 1147 1549 1262 1602; x_wconf 82' lang='grc' dir='ltr'><em>κῦμα</em></span> <span class='ocrx_word' id='word_1_192' title='bbox 1293 1547 1629 1604; x_wconf 80' lang='grc' dir='ltr'><em>σφαλερώτερον</em></span> <span class='ocrx_word' id='word_1_193' title='bbox 1662 1547 1760 1604; x_wconf 73' lang='grc' dir='ltr'><em>ἐρη-</em></span> 
     </span>
     <span class='ocr_line' id='line_1_25' title="bbox 99 1611 1756 1673; baseline 0 -15"><span class='ocrx_word' id='word_1_194' title='bbox 99 1621 204 1670; x_wconf 86' lang='grc' dir='ltr'><em>μίας</em></span> <span class='ocrx_word' id='word_1_195' title='bbox 242 1615 318 1660; x_wconf 84' lang='grc' dir='ltr'><em>τὸν</em></span> <span class='ocrx_word' id='word_1_196' title='bbox 357 1611 492 1671; x_wconf 69' lang='grc' dir='ltr'><em>ὅρμον</em></span> <span class='ocrx_word' id='word_1_197' title='bbox 534 1612 850 1673; x_wconf 74' lang='grc' dir='ltr'><em>ἀπεργάζεται·</em></span> <span class='ocrx_word' id='word_1_198' title='bbox 890 1615 1000 1659; x_wconf 78' lang='grc' dir='ltr'><em>κατὰ</em></span> <span class='ocrx_word' id='word_1_199' title='bbox 1040 1618 1195 1659; x_wconf 81' lang='grc' dir='ltr'><em>τοῦτον</em></span> <span class='ocrx_word' id='word_1_200' title='bbox 1236 1611 1495 1658; x_wconf 79' lang='grc' dir='ltr'><em>σαλεύουσιν</em></span> <span class='ocrx_word' id='word_1_201' title='bbox 1533 1625 1628 1666; x_wconf 86' lang='grc' dir='ltr'><em>τοῖς</em></span> <span class='ocrx_word' id='word_1_202' title='bbox 1666 1612 1756 1658; x_wconf 76' lang='grc' dir='ltr'><em>ἀπὸ</em></span> 
     </span>
    </p>
   </div>
   <div class='ocr_carea' id='block_1_6' title="bbox 114 1745 1758 1755">
    <p class='ocr_par' dir='ltr' id='par_1_7' title="bbox 114 1745 1758 1755">
     <span class='ocr_line' id='line_1_26' title="bbox 114 1745 1758 1755; baseline 0 0"><span class='ocrx_word' id='word_1_203' title='bbox 114 1745 1758 1755; x_wconf 95' lang='lat' dir='ltr'><em> </em></span> 
     </span>
    </p>
   </div>
   <div class='ocr_carea' id='block_1_7' title="bbox 209 1829 1058 1874">
    <p class='ocr_par' dir='ltr' id='par_1_8' title="bbox 209 1829 1058 1874">
     <span class='ocr_line' id='line_1_27' title="bbox 209 1829 1058 1874; baseline -0.002 -10"><span class='ocrx_word' id='word_1_204' title='bbox 209 1829 440 1864; x_wconf 85' lang='lat' dir='ltr'><strong>PAMLVRC</strong></span> <span class='ocrx_word' id='word_1_205' title='bbox 451 1829 751 1874; x_wconf 82' lang='lat' dir='ltr'>LatHegesippus</span> <span class='ocrx_word' id='word_1_206' title='bbox 775 1829 829 1864; x_wconf 90' lang='grc' dir='ltr'><em>ΠΙ</em></span> <span class='ocrx_word' id='word_1_207' title='bbox 854 1832 895 1864; x_wconf 96' lang='grc'><em>20</em></span> <span class='ocrx_word' id='word_1_208' title='bbox 920 1841 956 1874; x_wconf 90' lang='lat' dir='ltr'><em>p.</em></span> <span class='ocrx_word' id='word_1_209' title='bbox 982 1831 1058 1864; x_wconf 87' lang='grc'>206.</span> 
     </span>
    </p>
   </div>
   <div class='ocr_carea' id='block_1_8' title="bbox 94 1895 1763 2954">
    <p class='ocr_par' dir='ltr' id='par_1_9' title="bbox 94 1895 1763 2954">
     <span class='ocr_line' id='line_1_28' title="bbox 212 1895 1763 1943; baseline -0.001 -11"><span class='ocrx_word' id='word_1_210' title='bbox 212 1902 226 1932; x_wconf 98' lang='grc'><em>1</em></span> <span class='ocrx_word' id='word_1_211' title='bbox 255 1900 368 1934; x_wconf 87' lang='grc' dir='ltr'><em>τοῦτο</em></span> <span class='ocrx_word' id='word_1_212' title='bbox 395 1897 422 1932; x_wconf 89' lang='lat' dir='ltr'>C</span> <span class='ocrx_word' id='word_1_213' title='bbox 523 1895 562 1933; x_wconf 73' lang='grc' dir='ltr'><em>οἵ</em></span> <span class='ocrx_word' id='word_1_214' title='bbox 583 1918 624 1922; x_wconf 87' lang='lat'><em>—</em></span> <span class='ocrx_word' id='word_1_215' title='bbox 651 1900 669 1931; x_wconf 85' lang='lat'><strong>2</strong></span> <span class='ocrx_word' id='word_1_216' title='bbox 696 1898 903 1941; x_wconf 77' lang='grc' dir='ltr'><em>πολεμίων]</em></span> <span class='ocrx_word' id='word_1_217' title='bbox 929 1898 992 1943; x_wconf 83' lang='lat' dir='ltr'><em>qui</em></span> <span class='ocrx_word' id='word_1_218' title='bbox 1015 1899 1074 1933; x_wconf 78' lang='lat' dir='ltr'><em>uel</em></span> <span class='ocrx_word' id='word_1_219' title='bbox 1098 1897 1141 1932; x_wconf 77' lang='lat' dir='ltr'><em>ab</em></span> <span class='ocrx_word' id='word_1_220' title='bbox 1167 1896 1330 1932; x_wconf 75' lang='lat' dir='ltr'><em>hostibus</em></span> <span class='ocrx_word' id='word_1_221' title='bbox 1352 1896 1526 1931; x_wconf 76' lang='lat' dir='ltr'><em>seditione</em></span> <span class='ocrx_word' id='word_1_222' title='bbox 1551 1896 1763 1941; x_wconf 80' lang='lat' dir='ltr'><em>defecerant</em></span> 
     </span>
     <span class='ocr_line' id='line_1_29' title="bbox 95 1948 1760 1999; baseline -0.001 -11"><span class='ocrx_word' id='word_1_223' title='bbox 95 1953 166 1988; x_wconf 79' lang='lat' dir='ltr'><em>Lat</em></span> <span class='ocrx_word' id='word_1_224' title='bbox 256 1954 354 1991; x_wconf 76' lang='grc' dir='ltr'><em>κατὰ</em></span> <span class='ocrx_word' id='word_1_225' title='bbox 381 1951 448 1999; x_wconf 79' lang='grc' dir='ltr'><em>τὴν</em></span> <span class='ocrx_word' id='word_1_226' title='bbox 473 1948 607 1990; x_wconf 82' lang='grc' dir='ltr'><em>στάσιν</em></span> <span class='ocrx_word' id='word_1_227' title='bbox 622 1953 693 1988; x_wconf 90' lang='grc' dir='ltr'><em>ΡΜ</em></span> <span class='ocrx_word' id='word_1_228' title='bbox 764 1956 783 1987; x_wconf 89' lang='grc'><em>2</em></span> <span class='ocrx_word' id='word_1_229' title='bbox 809 1951 972 1995; x_wconf 84' lang='grc' dir='ltr'><em>πόλεων]</em></span> <span class='ocrx_word' id='word_1_230' title='bbox 989 1954 1022 1989; x_wconf 92' lang='lat' dir='ltr'><strong>V</strong></span> <span class='ocrx_word' id='word_1_231' title='bbox 1039 1955 1234 1998; x_wconf 79' lang='grc' dir='ltr'><em>πολεμίων</em></span> <span class='ocrx_word' id='word_1_232' title='bbox 1257 1952 1535 1987; x_wconf 85' lang='lat' dir='ltr'>PAMLRCLat</span> <span class='ocrx_word' id='word_1_233' title='bbox 1559 1956 1594 1986; x_wconf 80' lang='lat' dir='ltr'><em>et</em></span> <span class='ocrx_word' id='word_1_234' title='bbox 1609 1953 1633 1987; x_wconf 92' lang='lat' dir='ltr'><em>i.</em></span> <span class='ocrx_word' id='word_1_235' title='bbox 1651 1963 1760 1996; x_wconf 85' lang='lat' dir='ltr'><strong>marg.</strong></span> 
     </span>
     <span class='ocr_line' id='line_1_30' title="bbox 95 2005 1670 2056; baseline 0 -12"><span class='ocrx_word' id='word_1_236' title='bbox 95 2020 140 2044; x_wconf 88' lang='lat' dir='ltr'><em>m.</em></span> <span class='ocrx_word' id='word_1_237' title='bbox 167 2012 186 2044; x_wconf 87' lang='grc'>2</span> <span class='ocrx_word' id='word_1_238' title='bbox 216 2010 248 2045; x_wconf 94' lang='lat' dir='ltr'><strong>V</strong></span> <span class='ocrx_word' id='word_1_239' title='bbox 386 2014 407 2045; x_wconf 88' lang='lat'>4</span> <span class='ocrx_word' id='word_1_240' title='bbox 430 2009 747 2056; x_wconf 80' lang='grc' dir='ltr'><em>ἐκπολεμωμένησ</em></span> <span class='ocrx_word' id='word_1_241' title='bbox 777 2010 816 2043; x_wconf 93' lang='grc' dir='ltr'>Μ</span> <span class='ocrx_word' id='word_1_242' title='bbox 931 2014 950 2044; x_wconf 79' lang='grc'>5</span> <span class='ocrx_word' id='word_1_243' title='bbox 984 2008 1207 2047; x_wconf 77' lang='grc' dir='ltr'><em>θάλλασσαν</em></span> <span class='ocrx_word' id='word_1_244' title='bbox 1240 2010 1266 2044; x_wconf 90' lang='lat' dir='ltr'>C</span> <span class='ocrx_word' id='word_1_245' title='bbox 1394 2005 1611 2053; x_wconf 82' lang='grc' dir='ltr'><em>πειξάμενοί</em></span> <span class='ocrx_word' id='word_1_246' title='bbox 1639 2009 1670 2042; x_wconf 90' lang='lat' dir='ltr'>L</span> 
     </span>
     <span class='ocr_line' id='line_1_31' title="bbox 98 2064 1760 2112; baseline 0 -13"><span class='ocrx_word' id='word_1_247' title='bbox 98 2068 117 2099; x_wconf 89' lang='grc'>6</span> <span class='ocrx_word' id='word_1_248' title='bbox 149 2068 319 2108; x_wconf 83' lang='grc' dir='ltr'><em>πλεῖστα]</em></span> <span class='ocrx_word' id='word_1_249' title='bbox 348 2066 527 2112; x_wconf 80' lang='lat' dir='ltr'><em>plurimos</em></span> <span class='ocrx_word' id='word_1_250' title='bbox 555 2066 626 2100; x_wconf 80' lang='lat' dir='ltr'><em>Lat</em></span> <span class='ocrx_word' id='word_1_251' title='bbox 665 2077 744 2101; x_wconf 89' lang='lat' dir='ltr'><em>cum</em></span> <span class='ocrx_word' id='word_1_252' title='bbox 780 2064 983 2112; x_wconf 77' lang='grc' dir='ltr'><em>ἐλῄστευον</em></span> <span class='ocrx_word' id='word_1_253' title='bbox 1024 2066 1241 2109; x_wconf 84' lang='lat' dir='ltr'><em>coniungens</em></span> <span class='ocrx_word' id='word_1_254' title='bbox 1379 2069 1464 2109; x_wconf 79' lang='lat' dir='ltr'><em>post</em></span> <span class='ocrx_word' id='word_1_255' title='bbox 1493 2068 1652 2101; x_wconf 81' lang='grc' dir='ltr'><em>πλεῖστα</em></span> <span class='ocrx_word' id='word_1_256' title='bbox 1688 2074 1760 2099; x_wconf 88' lang='lat' dir='ltr'>ras.</span> 
     </span>
     <span class='ocr_line' id='line_1_32' title="bbox 97 2118 1760 2170; baseline 0 -15"><span class='ocrx_word' id='word_1_257' title='bbox 97 2124 139 2156; x_wconf 85' lang='lat'><em>22</em></span> <span class='ocrx_word' id='word_1_258' title='bbox 162 2121 230 2156; x_wconf 79' lang='lat' dir='ltr'><strong>litt.</strong></span> <span class='ocrx_word' id='word_1_259' title='bbox 255 2123 289 2157; x_wconf 89' lang='lat' dir='ltr'><strong>V</strong></span> <span class='ocrx_word' id='word_1_260' title='bbox 427 2124 603 2170; x_wconf 84' lang='grc' dir='ltr'><em>φοινίκησ</em></span> <span class='ocrx_word' id='word_1_261' title='bbox 626 2125 690 2159; x_wconf 80' lang='grc' dir='ltr'><em>καὶ</em></span> <span class='ocrx_word' id='word_1_262' title='bbox 715 2123 851 2169; x_wconf 82' lang='grc' dir='ltr'><em>συρίασ</em></span> <span class='ocrx_word' id='word_1_263' title='bbox 873 2126 920 2158; x_wconf 79' lang='lat' dir='ltr'><em>tr.</em></span> <span class='ocrx_word' id='word_1_264' title='bbox 946 2122 1041 2157; x_wconf 82' lang='lat' dir='ltr'><em>VRO</em></span> <span class='ocrx_word' id='word_1_265' title='bbox 1158 2125 1175 2156; x_wconf 77' lang='lat'>7</span> <span class='ocrx_word' id='word_1_266' title='bbox 1203 2119 1372 2168; x_wconf 82' lang='grc' dir='ltr'><em>αἰγύπτω</em></span> <span class='ocrx_word' id='word_1_267' title='bbox 1395 2120 1508 2156; x_wconf 85' lang='lat' dir='ltr'><em>VR¹C</em></span> <span class='ocrx_word' id='word_1_268' title='bbox 1622 2118 1760 2166; x_wconf 83' lang='grc' dir='ltr'><em>πόρον]</em></span> 
     </span>
     <span class='ocr_line' id='line_1_33' title="bbox 96 2174 1671 2223; baseline -0.003 -9"><span class='ocrx_word' id='word_1_269' title='bbox 96 2174 241 2214; x_wconf 86' lang='grc' dir='ltr'><em>πόντον</em></span> <span class='ocrx_word' id='word_1_270' title='bbox 264 2178 371 2214; x_wconf 88' lang='lat' dir='ltr'><em>MVR</em></span> <span class='ocrx_word' id='word_1_271' title='bbox 474 2176 624 2216; x_wconf 72' lang='grc' dir='ltr'><em>ἄπλοτά</em></span> <span class='ocrx_word' id='word_1_272' title='bbox 649 2180 677 2213; x_wconf 91' lang='grc' dir='ltr'>Ρ</span> <span class='ocrx_word' id='word_1_273' title='bbox 792 2182 846 2221; x_wconf 87' lang='grc' dir='ltr'><em>τε]</em></span> <span class='ocrx_word' id='word_1_274' title='bbox 871 2179 909 2215; x_wconf 79' lang='grc' dir='ltr'><em>δὲ</em></span> <span class='ocrx_word' id='word_1_275' title='bbox 933 2179 963 2212; x_wconf 92' lang='lat' dir='ltr'>L</span> <span class='ocrx_word' id='word_1_276' title='bbox 1079 2181 1205 2220; x_wconf 82' lang='grc' dir='ltr'><em>πᾶσιν]</em></span> <span class='ocrx_word' id='word_1_277' title='bbox 1232 2177 1396 2213; x_wconf 77' lang='lat' dir='ltr'><em>omnibus</em></span> <span class='ocrx_word' id='word_1_278' title='bbox 1419 2177 1577 2223; x_wconf 74' lang='lat' dir='ltr'><em>nauiqiis</em></span> <span class='ocrx_word' id='word_1_279' title='bbox 1601 2175 1671 2210; x_wconf 80' lang='lat' dir='ltr'><em>Lat</em></span> 
     </span>
     <span class='ocr_line' id='line_1_34' title="bbox 97 2229 1670 2280; baseline -0.002 -12"><span class='ocrx_word' id='word_1_280' title='bbox 97 2236 116 2268; x_wconf 82' lang='lat'>8</span> <span class='ocrx_word' id='word_1_281' title='bbox 141 2229 197 2270; x_wconf 81' lang='grc' dir='ltr'><em>ώσ</em></span> <span class='ocrx_word' id='word_1_282' title='bbox 221 2245 265 2268; x_wconf 88' lang='lat' dir='ltr'><em>ex</em></span> <span class='ocrx_word' id='word_1_283' title='bbox 291 2230 359 2271; x_wconf 72' lang='grc' dir='ltr'><em>οὓσ</em></span> <span class='ocrx_word' id='word_1_284' title='bbox 384 2245 478 2270; x_wconf 87' lang='lat' dir='ltr'>corr.</span> <span class='ocrx_word' id='word_1_285' title='bbox 505 2234 531 2268; x_wconf 88' lang='lat' dir='ltr'>C</span> <span class='ocrx_word' id='word_1_286' title='bbox 627 2239 646 2270; x_wconf 88' lang='grc'><strong>9</strong></span> <span class='ocrx_word' id='word_1_287' title='bbox 674 2232 725 2278; x_wconf 80' lang='grc' dir='ltr'><em>ὡς</em></span> <span class='ocrx_word' id='word_1_288' title='bbox 749 2246 817 2271; x_wconf 88' lang='lat' dir='ltr'><em>om.</em></span> <span class='ocrx_word' id='word_1_289' title='bbox 841 2235 976 2270; x_wconf 87' lang='lat' dir='ltr'>PAML</span> <span class='ocrx_word' id='word_1_290' title='bbox 1073 2239 1112 2270; x_wconf 86' lang='lat'><em>10</em></span> <span class='ocrx_word' id='word_1_291' title='bbox 1139 2230 1188 2275; x_wconf 78' lang='grc' dir='ltr'><em>δ’]</em></span> <span class='ocrx_word' id='word_1_292' title='bbox 1214 2234 1252 2270; x_wconf 77' lang='grc' dir='ltr'><em>δὲ</em></span> <span class='ocrx_word' id='word_1_293' title='bbox 1275 2233 1371 2268; x_wconf 84' lang='lat' dir='ltr'><em>VRC</em></span> <span class='ocrx_word' id='word_1_294' title='bbox 1396 2230 1470 2280; x_wconf 82' lang='grc' dir='ltr'><em>γὰρ</em></span> <span class='ocrx_word' id='word_1_295' title='bbox 1494 2232 1670 2266; x_wconf 88' lang='lat' dir='ltr'><em>Destinon</em></span> 
     </span>
     <span class='ocr_line' id='line_1_35' title="bbox 101 2288 1666 2333; baseline -0.001 -9"><span class='ocrx_word' id='word_1_296' title='bbox 101 2293 136 2324; x_wconf 86' lang='lat'><em>11</em></span> <span class='ocrx_word' id='word_1_297' title='bbox 162 2292 225 2326; x_wconf 81' lang='grc' dir='ltr'><em>καὶ</em></span> <span class='ocrx_word' id='word_1_298' title='bbox 248 2292 550 2333; x_wconf 78' lang='grc' dir='ltr'><em>καταδείσαντες]</em></span> <span class='ocrx_word' id='word_1_299' title='bbox 575 2294 639 2327; x_wconf 78' lang='grc' dir='ltr'><em>καὶ</em></span> <span class='ocrx_word' id='word_1_300' title='bbox 663 2294 726 2327; x_wconf 84' lang='grc' dir='ltr'><em>καὶ</em></span> <span class='ocrx_word' id='word_1_301' title='bbox 749 2293 1048 2328; x_wconf 79' lang='grc' dir='ltr'><em>καταδείσαντεσ</em></span> <span class='ocrx_word' id='word_1_302' title='bbox 1063 2292 1097 2326; x_wconf 85' lang='lat' dir='ltr'>R</span> <span class='ocrx_word' id='word_1_303' title='bbox 1120 2291 1413 2331; x_wconf 78' lang='grc' dir='ltr'><em>καταδείσαντες</em></span> <span class='ocrx_word' id='word_1_304' title='bbox 1438 2289 1476 2325; x_wconf 75' lang='grc' dir='ltr'><em>δὲ</em></span> <span class='ocrx_word' id='word_1_305' title='bbox 1493 2288 1666 2323; x_wconf 76' lang='lat' dir='ltr'><em>Destinon</em></span> 
     </span>
     <span class='ocr_line' id='line_1_36' title="bbox 97 2340 1760 2394; baseline -0.001 -13"><span class='ocrx_word' id='word_1_306' title='bbox 97 2342 210 2392; x_wconf 77' lang='grc' dir='ltr'><em>εἴργει</em></span> <span class='ocrx_word' id='word_1_307' title='bbox 234 2347 282 2381; x_wconf 92' lang='lat' dir='ltr'><em>V¹</em></span> <span class='ocrx_word' id='word_1_308' title='bbox 374 2345 645 2394; x_wconf 72' lang='grc' dir='ltr'><em>ἀπετράποντο</em></span> <span class='ocrx_word' id='word_1_309' title='bbox 670 2348 701 2382; x_wconf 91' lang='lat' dir='ltr'>L</span> <span class='ocrx_word' id='word_1_310' title='bbox 796 2351 836 2383; x_wconf 87' lang='grc'><em>12</em></span> <span class='ocrx_word' id='word_1_311' title='bbox 862 2343 898 2384; x_wconf 77' lang='grc' dir='ltr'><em>δ’</em></span> <span class='ocrx_word' id='word_1_312' title='bbox 923 2348 954 2382; x_wconf 90' lang='lat' dir='ltr'>L</span> <span class='ocrx_word' id='word_1_313' title='bbox 1070 2351 1112 2382; x_wconf 76' lang='lat'><em>14</em></span> <span class='ocrx_word' id='word_1_314' title='bbox 1137 2347 1175 2383; x_wconf 79' lang='grc' dir='ltr'><em>δὲ</em></span> <span class='ocrx_word' id='word_1_315' title='bbox 1198 2346 1294 2381; x_wconf 80' lang='lat' dir='ltr'><em>VRC</em></span> <span class='ocrx_word' id='word_1_316' title='bbox 1412 2349 1451 2380; x_wconf 82' lang='lat'><em>15</em></span> <span class='ocrx_word' id='word_1_317' title='bbox 1479 2340 1611 2393; x_wconf 79' lang='grc' dir='ltr'><em>ὀρθίῳ]</em></span> <span class='ocrx_word' id='word_1_318' title='bbox 1637 2342 1760 2390; x_wconf 81' lang='grc' dir='ltr'><em>ῥοθίω</em></span> 
     </span>
     <span class='ocr_line' id='line_1_37' title="bbox 95 2399 1757 2448; baseline 0 -12"><span class='ocrx_word' id='word_1_319' title='bbox 95 2401 157 2436; x_wconf 91' lang='lat' dir='ltr'><em>PA</em></span> <span class='ocrx_word' id='word_1_320' title='bbox 181 2403 333 2437; x_wconf 82' lang='lat' dir='ltr'><strong><em>arduum</em></strong></span> <span class='ocrx_word' id='word_1_321' title='bbox 358 2403 428 2438; x_wconf 83' lang='lat' dir='ltr'><em>Lat</em></span> <span class='ocrx_word' id='word_1_322' title='bbox 457 2404 631 2439; x_wconf 79' lang='lat' dir='ltr'><em>directum</em></span> <span class='ocrx_word' id='word_1_323' title='bbox 657 2404 734 2448; x_wconf 86' lang='lat' dir='ltr'><em>Heg</em></span> <span class='ocrx_word' id='word_1_324' title='bbox 849 2402 1041 2441; x_wconf 83' lang='grc' dir='ltr'><em>συνεύοντι</em></span> <span class='ocrx_word' id='word_1_325' title='bbox 1071 2403 1154 2438; x_wconf 85' lang='lat' dir='ltr'><em>AR¹</em></span> <span class='ocrx_word' id='word_1_326' title='bbox 1284 2405 1323 2436; x_wconf 83' lang='grc'><em>16</em></span> <span class='ocrx_word' id='word_1_327' title='bbox 1356 2399 1625 2446; x_wconf 51' lang='grc' dir='ltr'><em>ἑκατέρωθεν</em></span> <span class='ocrx_word' id='word_1_328' title='bbox 1653 2402 1757 2443; x_wconf 79' lang='lat' dir='ltr'><strong>(eras.</strong></span> 
     </span>
     <span class='ocr_line' id='line_1_38' title="bbox 94 2456 1760 2506; baseline 0 -15"><span class='ocrx_word' id='word_1_329' title='bbox 94 2457 166 2492; x_wconf 86' lang='lat' dir='ltr'>uid.</span> <span class='ocrx_word' id='word_1_330' title='bbox 191 2460 226 2501; x_wconf 83' lang='lat' dir='ltr'><em>x)</em></span> <span class='ocrx_word' id='word_1_331' title='bbox 249 2459 283 2491; x_wconf 95' lang='lat' dir='ltr'>A</span> <span class='ocrx_word' id='word_1_332' title='bbox 308 2456 513 2506; x_wconf 72' lang='grc' dir='ltr'><em>ἑκάτερθεν</em></span> <span class='ocrx_word' id='word_1_333' title='bbox 536 2460 612 2502; x_wconf 78' lang='grc' dir='ltr'><em>(ἕκ-</em></span> <span class='ocrx_word' id='word_1_334' title='bbox 635 2460 680 2502; x_wconf 74' lang='grc' dir='ltr'><em>Β)</em></span> <span class='ocrx_word' id='word_1_335' title='bbox 704 2460 800 2496; x_wconf 81' lang='lat' dir='ltr'><em>VRO</em></span> <span class='ocrx_word' id='word_1_336' title='bbox 940 2460 978 2497; x_wconf 72' lang='grc' dir='ltr'><em>αἱ</em></span> <span class='ocrx_word' id='word_1_337' title='bbox 1001 2481 1045 2486; x_wconf 88' lang='grc'>-</span> <span class='ocrx_word' id='word_1_338' title='bbox 1072 2464 1110 2494; x_wconf 79' lang='lat'><em>17</em></span> <span class='ocrx_word' id='word_1_339' title='bbox 1138 2459 1314 2506; x_wconf 80' lang='grc' dir='ltr'><em>πέλαγος]</em></span> <span class='ocrx_word' id='word_1_340' title='bbox 1338 2463 1537 2502; x_wconf 66' lang='lat' dir='ltr'><em>vastaeque</em></span> <span class='ocrx_word' id='word_1_341' title='bbox 1566 2461 1760 2502; x_wconf 78' lang='lat' dir='ltr'><em>supersunt</em></span> 
     </span>
     <span class='ocr_line' id='line_1_39' title="bbox 96 2513 1761 2563; baseline -0.001 -16"><span class='ocrx_word' id='word_1_342' title='bbox 96 2518 218 2549; x_wconf 83' lang='lat' dir='ltr'><em>cautes</em></span> <span class='ocrx_word' id='word_1_343' title='bbox 239 2520 273 2550; x_wconf 84' lang='lat' dir='ltr'><em>et</em></span> <span class='ocrx_word' id='word_1_344' title='bbox 297 2516 503 2560; x_wconf 71' lang='lat' dir='ltr'><em>inqentibus</em></span> <span class='ocrx_word' id='word_1_345' title='bbox 524 2517 696 2562; x_wconf 77' lang='lat' dir='ltr'><em>procellis</em></span> <span class='ocrx_word' id='word_1_346' title='bbox 725 2518 885 2563; x_wconf 66' lang='lat' dir='ltr'><em>petaqus</em></span> <span class='ocrx_word' id='word_1_347' title='bbox 918 2517 1066 2552; x_wconf 81' lang='lat' dir='ltr'><em>turbant</em></span> <span class='ocrx_word' id='word_1_348' title='bbox 1088 2516 1160 2551; x_wconf 84' lang='lat' dir='ltr'><em>Lat</em></span> <span class='ocrx_word' id='word_1_349' title='bbox 1192 2517 1229 2550; x_wconf 86' lang='lat' dir='ltr'><em>in</em></span> <span class='ocrx_word' id='word_1_350' title='bbox 1254 2514 1384 2560; x_wconf 75' lang='lat' dir='ltr'><em>quibus</em></span> <span class='ocrx_word' id='word_1_351' title='bbox 1412 2513 1628 2560; x_wconf 77' lang='lat' dir='ltr'><em>profundae</em></span> <span class='ocrx_word' id='word_1_352' title='bbox 1650 2524 1761 2559; x_wconf 76' lang='lat' dir='ltr'><em>rupes</em></span> 
     </span>
     <span class='ocr_line' id='line_1_40' title="bbox 95 2566 1691 2619; baseline 0.001 -17"><span class='ocrx_word' id='word_1_353' title='bbox 95 2579 262 2614; x_wconf 73' lang='lat' dir='ltr'><strong><em>saxaque</em></strong></span> <span class='ocrx_word' id='word_1_354' title='bbox 277 2571 452 2616; x_wconf 69' lang='lat' dir='ltr'><em>inqentia,</em></span> <span class='ocrx_word' id='word_1_355' title='bbox 469 2583 562 2617; x_wconf 78' lang='lat' dir='ltr'><em>quae</em></span> <span class='ocrx_word' id='word_1_356' title='bbox 579 2574 671 2607; x_wconf 84' lang='lat' dir='ltr'><em>mari</em></span> <span class='ocrx_word' id='word_1_357' title='bbox 681 2575 893 2619; x_wconf 78' lang='lat' dir='ltr'><em>prominent</em></span> <span class='ocrx_word' id='word_1_358' title='bbox 906 2574 984 2616; x_wconf 82' lang='lat' dir='ltr'><em>Heg</em></span> <span class='ocrx_word' id='word_1_359' title='bbox 1055 2576 1093 2607; x_wconf 84' lang='lat'><em>17</em></span> <span class='ocrx_word' id='word_1_360' title='bbox 1113 2569 1329 2617; x_wconf 82' lang='grc' dir='ltr'><em>πρόχουσαι</em></span> <span class='ocrx_word' id='word_1_361' title='bbox 1342 2571 1421 2605; x_wconf 90' lang='lat' dir='ltr'><em>PA¹</em></span> <span class='ocrx_word' id='word_1_362' title='bbox 1438 2566 1650 2616; x_wconf 83' lang='grc' dir='ltr'><em>προύχοσαι</em></span> <span class='ocrx_word' id='word_1_363' title='bbox 1663 2569 1691 2603; x_wconf 83' lang='lat' dir='ltr'>C</span> 
     </span>
     <span class='ocr_line' id='line_1_41' title="bbox 97 2622 1760 2674; baseline 0.001 -15"><span class='ocrx_word' id='word_1_364' title='bbox 97 2622 287 2668; x_wconf 81' lang='grc' dir='ltr'><em>σπιλάδεσ,</em></span> <span class='ocrx_word' id='word_1_365' title='bbox 312 2639 355 2662; x_wconf 92' lang='grc' dir='ltr'><em>εσ</em></span> <span class='ocrx_word' id='word_1_366' title='bbox 379 2637 423 2661; x_wconf 83' lang='lat' dir='ltr'><em>ex</em></span> <span class='ocrx_word' id='word_1_367' title='bbox 448 2641 503 2664; x_wconf 88' lang='grc' dir='ltr'><em>εισ</em></span> <span class='ocrx_word' id='word_1_368' title='bbox 528 2640 619 2664; x_wconf 84' lang='lat' dir='ltr'>corr.</span> <span class='ocrx_word' id='word_1_369' title='bbox 644 2630 675 2664; x_wconf 93' lang='lat' dir='ltr'>L</span> <span class='ocrx_word' id='word_1_370' title='bbox 750 2626 844 2666; x_wconf 74' lang='grc' dir='ltr'><em>ἔνθα</em></span> <span class='ocrx_word' id='word_1_371' title='bbox 869 2650 913 2654; x_wconf 93' lang='grc'>-</span> <span class='ocrx_word' id='word_1_372' title='bbox 941 2633 980 2665; x_wconf 85' lang='grc'><em>19</em></span> <span class='ocrx_word' id='word_1_373' title='bbox 1007 2626 1142 2674; x_wconf 73' lang='grc' dir='ltr'><em>μύθου]</em></span> <span class='ocrx_word' id='word_1_374' title='bbox 1167 2628 1228 2663; x_wconf 69' lang='lat' dir='ltr'><em>ube·</em></span> <span class='ocrx_word' id='word_1_375' title='bbox 1260 2627 1366 2662; x_wconf 80' lang='lat' dir='ltr'><em>etiam</em></span> <span class='ocrx_word' id='word_1_376' title='bbox 1397 2636 1492 2661; x_wconf 82' lang='lat' dir='ltr'><em>nunc</em></span> <span class='ocrx_word' id='word_1_377' title='bbox 1517 2625 1760 2661; x_wconf 78' lang='lat' dir='ltr'><em>andromedae</em></span> 
     </span>
     <span class='ocr_line' id='line_1_42' title="bbox 98 2681 1692 2730; baseline 0.002 -17"><span class='ocrx_word' id='word_1_378' title='bbox 98 2685 304 2715; x_wconf 81' lang='lat' dir='ltr'><em>catenarum</em></span> <span class='ocrx_word' id='word_1_379' title='bbox 322 2682 437 2727; x_wconf 61' lang='lat' dir='ltr'><em>sionis</em></span> <span class='ocrx_word' id='word_1_380' title='bbox 453 2684 662 2719; x_wconf 78' lang='lat' dir='ltr'><em>extantibus</em></span> <span class='ocrx_word' id='word_1_381' title='bbox 683 2685 837 2730; x_wconf 80' lang='lat' dir='ltr'><em>fabulae</em></span> <span class='ocrx_word' id='word_1_382' title='bbox 860 2687 993 2720; x_wconf 74' lang='lat' dir='ltr'><em>ueteris</em></span> <span class='ocrx_word' id='word_1_383' title='bbox 1004 2685 1096 2730; x_wconf 80' lang='lat' dir='ltr'><strong><em>fides</em></strong></span> <span class='ocrx_word' id='word_1_384' title='bbox 1114 2683 1313 2720; x_wconf 75' lang='lat' dir='ltr'><em>ostenditur</em></span> <span class='ocrx_word' id='word_1_385' title='bbox 1329 2682 1400 2716; x_wconf 82' lang='lat' dir='ltr'><em>Lat</em></span> <span class='ocrx_word' id='word_1_386' title='bbox 1468 2685 1556 2723; x_wconf 79' lang='grc' dir='ltr'><em>τῶν]</em></span> <span class='ocrx_word' id='word_1_387' title='bbox 1575 2681 1644 2718; x_wconf 84' lang='grc' dir='ltr'><em>τὸν</em></span> <span class='ocrx_word' id='word_1_388' title='bbox 1659 2682 1692 2716; x_wconf 95' lang='lat' dir='ltr'><strong>V</strong></span> 
     </span>
     <span class='ocr_line' id='line_1_43' title="bbox 101 2731 1760 2785; baseline 0.002 -15"><span class='ocrx_word' id='word_1_389' title='bbox 101 2736 140 2768; x_wconf 89' lang='grc'>18</span> <span class='ocrx_word' id='word_1_390' title='bbox 165 2731 217 2771; x_wconf 70' lang='grc' dir='ltr'><em>ἔτι</em></span> <span class='ocrx_word' id='word_1_391' title='bbox 242 2735 482 2782; x_wconf 79' lang='grc' dir='ltr'><em>δεικνύμενοι]</em></span> <span class='ocrx_word' id='word_1_392' title='bbox 509 2738 803 2785; x_wconf 77' lang='grc' dir='ltr'><em>ἐπιδεικνύμενοι</em></span> <span class='ocrx_word' id='word_1_393' title='bbox 827 2741 921 2775; x_wconf 88' lang='lat' dir='ltr'><em>PAL</em></span> <span class='ocrx_word' id='word_1_394' title='bbox 1013 2744 1053 2775; x_wconf 85' lang='lat'><em>19</em></span> <span class='ocrx_word' id='word_1_395' title='bbox 1079 2741 1129 2781; x_wconf 77' lang='grc' dir='ltr'><em>δὲ]</em></span> <span class='ocrx_word' id='word_1_396' title='bbox 1154 2753 1194 2776; x_wconf 91' lang='grc' dir='ltr'><em>τε</em></span> <span class='ocrx_word' id='word_1_397' title='bbox 1218 2739 1326 2773; x_wconf 79' lang='lat' dir='ltr'>Niese</span> <span class='ocrx_word' id='word_1_398' title='bbox 1418 2736 1599 2780; x_wconf 80' lang='grc' dir='ltr'><em>ἐναντίος]</em></span> <span class='ocrx_word' id='word_1_399' title='bbox 1625 2734 1760 2775; x_wconf 71' lang='grc' dir='ltr'><em>α’ντίοσ</em></span> 
     </span>
     <span class='ocr_line' id='line_1_44' title="bbox 96 2789 1678 2840; baseline -0.001 -11"><span class='ocrx_word' id='word_1_400' title='bbox 96 2789 190 2824; x_wconf 83' lang='lat' dir='ltr'><em>VRC</em></span> <span class='ocrx_word' id='word_1_401' title='bbox 312 2793 410 2839; x_wconf 84' lang='grc' dir='ltr'><em>πρὸς</em></span> <span class='ocrx_word' id='word_1_402' title='bbox 433 2815 475 2819; x_wconf 79' lang='lat'><strong>—</strong></span> <span class='ocrx_word' id='word_1_403' title='bbox 502 2798 544 2829; x_wconf 87' lang='lat'><em>20</em></span> <span class='ocrx_word' id='word_1_404' title='bbox 567 2798 678 2840; x_wconf 82' lang='grc' dir='ltr'><em>κῦμα]</em></span> <span class='ocrx_word' id='word_1_405' title='bbox 703 2807 859 2832; x_wconf 78' lang='lat' dir='ltr'><em>summos</em></span> <span class='ocrx_word' id='word_1_406' title='bbox 883 2798 920 2832; x_wconf 87' lang='lat' dir='ltr'><em>in</em></span> <span class='ocrx_word' id='word_1_407' title='bbox 946 2797 1105 2833; x_wconf 76' lang='lat' dir='ltr'><em>obiectas</em></span> <span class='ocrx_word' id='word_1_408' title='bbox 1128 2801 1252 2831; x_wconf 81' lang='lat' dir='ltr'><em>cautes</em></span> <span class='ocrx_word' id='word_1_409' title='bbox 1280 2795 1416 2840; x_wconf 79' lang='lat' dir='ltr'><em>fluctus</em></span> <span class='ocrx_word' id='word_1_410' title='bbox 1445 2795 1585 2840; x_wconf 73' lang='lat' dir='ltr'><em>affliqit</em></span> <span class='ocrx_word' id='word_1_411' title='bbox 1608 2795 1678 2828; x_wconf 80' lang='lat' dir='ltr'><em>Lat</em></span> 
     </span>
     <span class='ocr_line' id='line_1_45' title="bbox 99 2843 1758 2896; baseline 0.003 -18"><span class='ocrx_word' id='word_1_412' title='bbox 99 2846 140 2878; x_wconf 82' lang='lat'><em>20</em></span> <span class='ocrx_word' id='word_1_413' title='bbox 165 2848 248 2881; x_wconf 82' lang='lat' dir='ltr'><em>ante</em></span> <span class='ocrx_word' id='word_1_414' title='bbox 270 2843 416 2894; x_wconf 73' lang='grc' dir='ltr'><em>ὑψηλὸν</em></span> <span class='ocrx_word' id='word_1_415' title='bbox 439 2860 510 2886; x_wconf 84' lang='lat' dir='ltr'>ras.</span> <span class='ocrx_word' id='word_1_416' title='bbox 536 2855 620 2886; x_wconf 78' lang='lat'><em>6—7</em></span> <span class='ocrx_word' id='word_1_417' title='bbox 639 2852 708 2887; x_wconf 79' lang='lat' dir='ltr'><strong>litt.</strong></span> <span class='ocrx_word' id='word_1_418' title='bbox 725 2852 757 2886; x_wconf 94' lang='lat' dir='ltr'>L</span> <span class='ocrx_word' id='word_1_419' title='bbox 851 2848 1100 2896; x_wconf 73' lang='grc' dir='ltr'><em>ἀναπέμπων]</em></span> <span class='ocrx_word' id='word_1_420' title='bbox 1126 2847 1359 2888; x_wconf 80' lang='grc' dir='ltr'><em>α’νακόπτων</em></span> <span class='ocrx_word' id='word_1_421' title='bbox 1382 2850 1519 2886; x_wconf 85' lang='lat' dir='ltr'><strong>MVRC</strong></span> <span class='ocrx_word' id='word_1_422' title='bbox 1543 2852 1579 2885; x_wconf 79' lang='lat' dir='ltr'><em>et</em></span> <span class='ocrx_word' id='word_1_423' title='bbox 1601 2850 1624 2884; x_wconf 91' lang='lat' dir='ltr'><em>i.</em></span> <span class='ocrx_word' id='word_1_424' title='bbox 1650 2860 1758 2894; x_wconf 85' lang='lat' dir='ltr'>marg.</span> 
     </span>
     <span class='ocr_line' id='line_1_46' title="bbox 98 2900 1406 2954; baseline 0.006 -20"><span class='ocrx_word' id='word_1_425' title='bbox 98 2900 160 2934; x_wconf 89' lang='lat' dir='ltr'><em>PA</em></span> <span class='ocrx_word' id='word_1_426' title='bbox 183 2903 398 2939; x_wconf 81' lang='lat' dir='ltr'><em>attolluntur</em></span> <span class='ocrx_word' id='word_1_427' title='bbox 421 2905 497 2949; x_wconf 86' lang='lat' dir='ltr'><em>Heg</em></span> <span class='ocrx_word' id='word_1_428' title='bbox 587 2906 744 2954; x_wconf 80' lang='grc' dir='ltr'><em>ἐρημίας</em></span> <span class='ocrx_word' id='word_1_429' title='bbox 769 2913 977 2953; x_wconf 86' lang='lat' dir='ltr'><strong>corruptum</strong></span> <span class='ocrx_word' id='word_1_430' title='bbox 1000 2908 1073 2943; x_wconf 89' lang='lat' dir='ltr'>uid.</span> <span class='ocrx_word' id='word_1_431' title='bbox 1167 2910 1208 2942; x_wconf 87' lang='grc'><em>21</em></span> <span class='ocrx_word' id='word_1_432' title='bbox 1234 2909 1348 2943; x_wconf 82' lang='grc' dir='ltr'><em>τοῦτο</em></span> <span class='ocrx_word' id='word_1_433' title='bbox 1374 2906 1406 2941; x_wconf 94' lang='lat' dir='ltr'><strong>V</strong></span> 
     </span>
    </p>
   </div>
   <div class='ocr_carea' id='block_1_9' title="bbox 1800 264 1880 303">
    <p class='ocr_par' dir='ltr' id='par_1_10' title="bbox 1800 264 1880 303">
     <span class='ocr_line' id='line_1_47' title="bbox 1800 264 1880 303; baseline 0.013 -1"><span class='ocrx_word' id='word_1_434' title='bbox 1800 264 1880 303; x_wconf 86' lang='grc'><em>414</em></span> 
     </span>
    </p>
   </div>
   <div class='ocr_carea' id='block_1_10' title="bbox 1797 467 1879 575">
    <p class='ocr_par' dir='ltr' id='par_1_11' title="bbox 1797 467 1879 575">
     <span class='ocr_line' id='line_1_48' title="bbox 1797 467 1879 505; baseline 0 0"><span class='ocrx_word' id='word_1_435' title='bbox 1797 467 1879 505; x_wconf 86' lang='grc'><em>415</em></span> 
     </span>
     <span class='ocr_line' id='line_1_49' title="bbox 1798 535 1878 575; baseline 0.025 -2"><span class='ocrx_word' id='word_1_436' title='bbox 1798 535 1878 575; x_wconf 89' lang='grc'><em>416</em></span> 
     </span>
    </p>
   </div>
   <div class='ocr_carea' id='block_1_11' title="bbox 1795 739 1876 777">
    <p class='ocr_par' dir='ltr' id='par_1_12' title="bbox 1795 739 1876 777">
     <span class='ocr_line' id='line_1_50' title="bbox 1795 739 1876 777; baseline 0.012 -1"><span class='ocrx_word' id='word_1_437' title='bbox 1795 739 1876 777; x_wconf 87' lang='grc'><em>417</em></span> 
     </span>
    </p>
   </div>
   <div class='ocr_carea' id='block_1_12' title="bbox 1795 873 1876 913">
    <p class='ocr_par' dir='ltr' id='par_1_13' title="bbox 1795 873 1876 913">
     <span class='ocr_line' id='line_1_51' title="bbox 1795 873 1876 913; baseline 0.012 -1"><span class='ocrx_word' id='word_1_438' title='bbox 1795 873 1876 913; x_wconf 79' lang='grc'><em>418</em></span> 
     </span>
    </p>
   </div>
   <div class='ocr_carea' id='block_1_13' title="bbox 1793 1143 1874 1183">
    <p class='ocr_par' dir='ltr' id='par_1_14' title="bbox 1793 1143 1874 1183">
     <span class='ocr_line' id='line_1_52' title="bbox 1793 1143 1874 1183; baseline -0.012 0"><span class='ocrx_word' id='word_1_439' title='bbox 1793 1143 1874 1183; x_wconf 80' lang='grc'><em>419</em></span> 
     </span>
    </p>
   </div>
   <div class='ocr_carea' id='block_1_14' title="bbox 1793 1280 1872 1319">
    <p class='ocr_par' dir='ltr' id='par_1_15' title="bbox 1793 1280 1872 1319">
     <span class='ocr_line' id='line_1_53' title="bbox 1793 1280 1872 1319; baseline 0.013 -1"><span class='ocrx_word' id='word_1_440' title='bbox 1793 1280 1872 1319; x_wconf 82' lang='grc'>420</span> 
     </span>
    </p>
   </div>
   <div class='ocr_carea' id='block_1_15' title="bbox 1793 1482 1869 1522">
    <p class='ocr_par' dir='ltr' id='par_1_16' title="bbox 1793 1482 1869 1522">
     <span class='ocr_line' id='line_1_54' title="bbox 1793 1482 1869 1522; baseline 0.026 -2"><span class='ocrx_word' id='word_1_441' title='bbox 1793 1482 1869 1522; x_wconf 82' lang='grc'>421</span> 
     </span>
    </p>
   </div>
   <div class='ocr_carea' id='block_1_16' title="bbox 1791 1618 1873 1657">
    <p class='ocr_par' dir='ltr' id='par_1_17' title="bbox 1791 1618 1873 1657">
     <span class='ocr_line' id='line_1_55' title="bbox 1791 1618 1873 1657; baseline 0 0"><span class='ocrx_word' id='word_1_442' title='bbox 1791 1618 1873 1657; x_wconf 88' lang='grc'><em>422</em></span> 
     </span>
    </p>
   </div>
  </div>
 </body>
</html>
