2018 3236
216 113 296 149 312
593 111 659 146 DE
686 110 844 145 BELLO
869 110 965 146 IUD.
990 111 1043 145 III
1068 113 1244 146 278—288
1269 113 1330 153 (vu
1357 117 1407 144 29.
1434 115 1487 155 30)

106 227 186 266 279
219 225 560 273 συνεπατοῦντο,
601 222 761 264 πολλοὶ
801 222 847 263 δὲ
888 221 961 264 ἐπὶ
1000 222 1049 265 τὸ
1078 225 1205 276 χεῦμα
1234 226 1520 266 κατέπιπτον.
1581 223 1788 269 ἐπαίοντο
1821 224 1862 269 δ’

218 290 305 334 ’ὑπὸ
347 293 431 332 τῶν
466 287 687 332 Ἰουδαίων
727 289 770 331 οἱ
809 289 1041 339 πεσόντες·
1082 289 1367 346 ἐσφαλμένων
1407 289 1489 346 γὰρ
1527 293 1614 334 τῶν
1649 290 1865 346 Ῥωμαίων

216 355 337 401 οὗτοι
381 359 457 413 τῆς
501 354 610 398 κατὰ
645 364 771 411 χεῖρα
811 357 1062 414 συμπλοκῆς
1102 356 1478 411 ἐλευθερωθέντες
1518 358 1580 408 εἷς
1614 358 1694 409 τὰς
1732 359 1866 413 βολὰς

103 428 184 467 280
216 424 461 477 ε’ὗσχόλουν.
512 422 657 465 πολλὰ
681 423 727 465 δὲ
748 426 1036 477 κακουμένους
1059 423 1102 466 ἐν
1126 430 1180 480 τῇ
1211 426 1439 481 προσβολῇ
1469 424 1570 475 τοὺς
1600 427 1868 481 στρατιώτας

104 495 181 534 281
216 489 237 534 0c
288 489 528 547 στρατηγὸς
574 492 677 544 περὶ
727 491 872 546 δείλην
918 486 1129 534 άνεκάλει.
1189 491 1349 535 ἔπεσον
1390 492 1436 534 δὲ
1473 493 1639 535 τούτων
1675 494 1754 547 μὲν
1795 491 1869 537 οὖν.
1897 504 1916 534 5

215 555 357 613 ὀλίγοι
394 559 467 600 καὶ
507 558 688 608 πλείους
728 557 1004 614 ἐτρώθησαν,
1041 561 1128 600 τῶν
1160 554 1198 600 δ
1234 554 1325 601 άπὸ
1357 562 1434 616 τῆς
1459 555 1727 618 Ιωταπάτης
1758 557 1868 604 ἆπέ-

217 630 306 668 θαι
299 642 358 667 ον
379 625 459 679 μὲν
481 624 529 675 εξ
553 622 718 680 α’νδρες,
748 629 1016 681 τραυματίαι
1047 621 1089 667 δ
1125 623 1235 680 υπὲρ
1266 631 1543 682 τριακοσίους
1575 624 1868 686 ἀνεκομίσθη-

107 697 187 737 282
220 709 313 736 σαν.
365 691 506 734 εἰκάδι
535 692 614 745 μὲν
643 696 835 735 Λαισιου
866 692 1001 749 μηνὸς
1033 710 1056 749 η
1089 693 1338 748 παράταξις
1367 693 1431 752 ἠν.

103 765 184 805 283
330 764 395 804 30.
434 755 770 809 Οὐεσπασιανὸς
792 759 879 802 δὲ’
861 761 937 802 επὶ
957 769 1050 810 τοῖς
1072 761 1364 817 συμβεβηκόσι
1383 761 1461 819 τὴν
1484 778 1693 817 στρατιαν
1723 779 1869 817 παρα-

216 827 517 882 μυθούμενος,
554 825 612 876 ὡς
642 829 946 880 θυμουιιένους
977 826 1092 883 ειόρα
1131 831 1203 870 καὶ
1235 846 1284 871 ου
1314 833 1572 885 προτροπῆς
1604 825 1700 871 άλλ
1737 829 1871 886 έργων
1902 839 1939 871 10

106 898 188 938 284
220 895 470 949 δεομένους,
512 896 813 949 προσυψῶσαι
842 894 920 948 μὲν
949 894 1003 936 τὰ
1030 895 1232 950 χώματα,
1270 913 1460 952 πυργους
1491 897 1537 939 δὲ
1566 906 1681 950 τρεῖς
1711 897 1871 955 πεντή-

218 979 349 1005 κοντα
389 962 540 1004 ποδῶν
577 961 626 1004 τὸ
669 961 785 1016 ὕψος
824 962 1004 1005 ἕκαστον
1042 963 1365 1006 κατασκευάσαι
1402 964 1607 1014 κελεύσας
1645 964 1871 1008 πάντοθεν

218 1025 384 1086 σιδήρῳ
415 1030 781 1082 κεκαλυμμένους,
820 1026 879 1079 ὥς
909 1029 1078 1085 ἑδραῖοί
1107 1047 1154 1073 τε
1185 1028 1270 1073 εἶεν
1300 1029 1386 1073 ὑπὸ
1418 1035 1607 1086 βρίθους
1636 1033 1708 1074 καὶ
1739 1032 1872 1075 δυσά-

104 1101 185 1142 285
216 1099 350 1139 λωτοι
388 1100 518 1152 πυρί,
557 1098 644 1138 τῶν
680 1093 897 1150 χωμάτων
937 1097 1196 1154 ἐπέστησεν,
1239 1095 1534 1154 συνεπιβήσας
1566 1095 1715 1149 αὐτοῖς
1745 1095 1872 1143 ἄκον-

216 1163 371 1214 τιστάς
409 1180 457 1206 τε
484 1166 555 1206 καὶ
587 1163 771 1213 τοξότας
801 1167 873 1207 καὶ
903 1167 990 1207 τῶν
1022 1161 1274 1222 ἀφετηρίων
1304 1161 1499 1220 ὀργάνων
1529 1165 1582 1208 τά
1613 1167 1872 1223 κουφότερα,
1903 1175 1940 1207 15

105 1237 187 1277 286
218 1231 332 1287 πρὸς
355 1231 401 1273 δὲ
422 1230 523 1281 τοὺς
545 1231 917 1288 ῥωμαλεωτάτους
949 1232 1264 1289 σφενδονήτας·
1298 1235 1341 1274 οἳ
1369 1232 1426 1287 μὴ
1458 1233 1766 1289 καθορώμενοι
1797 1235 1870 1278 διὰ

218 1298 267 1343 τὸ
308 1294 423 1354 ὕψος
458 1301 530 1342 καὶ
560 1297 614 1340 τὰ
645 1298 851 1354 θωράκια
881 1301 966 1342 τιῦν
998 1299 1174 1355 πύργων
1205 1299 1267 1350 εἰς
1296 1303 1636 1356 καθορωμένους
1665 1301 1767 1352 τοὺς
1797 1301 1873 1345 ἐπὶ

106 1371 187 1411 287
218 1369 295 1409 τοῦ
317 1370 484 1419 τείχους
505 1365 701 1420 ἔβαλλον.
754 1367 795 1408 οἱ
818 1367 864 1409 δὲ
884 1366 992 1424 μήτε
1012 1366 1122 1409 κατὰ
1146 1366 1305 1424 κόρσης
1337 1371 1589 1424 φερομένων
1619 1371 1705 1411 τῶν
1733 1371 1873 1424 βελῶν

220 1434 426 1477 ἐκκλίνειν
463 1434 626 1491 ῥᾳδίως
657 1433 889 1487 δυνάμενοι
919 1434 1028 1491 μήτε
1057 1433 1159 1484 τους
1192 1430 1374 1489 ἀφανεῖς
1407 1431 1678 1489 ἀμύνεσθαι,
1718 1438 1790 1479 καὶ
1821 1436 1870 1479 τὸ

219 1501 298 1556 μὲν
319 1497 437 1556 ὕψος
456 1503 544 1543 τιῦν
565 1500 742 1556 πύργων
775 1501 1034 1557 δυσέφικτον
1066 1499 1252 1556 ὁρῶντες
1283 1501 1327 1544 ἐκ
1353 1502 1500 1557 χειρὸς
1528 1505 1658 1557 βέλει,
1689 1505 1796 1559 πυρὶ
1829 1504 1875 1546 δὲ
1906 1513 1943 1544 20

219 1568 295 1612 τίν
335 1570 440 1624 περὶ
478 1563 628 1618 αὐτοῖς
663 1568 841 1625 σίδηρον
874 1565 1122 1620 ἀνάλωτον,
1163 1568 1344 1625 ἔφευγον
1376 1566 1465 1612 άπὸ
1498 1572 1576 1612 τοῦ
1606 1575 1774 1624 τείχους
1801 1572 1874 1613 καὶ

106 1641 186 1682 288
220 1635 517 1691 προσβάλλειν
557 1638 849 1689 πειρωμένοις
889 1635 1142 1685 ἐπεξέθεον.
1209 1638 1281 1679 καὶ
1319 1637 1360 1679 οἱ
1397 1637 1477 1690 μὲν
1515 1636 1591 1680 ἐπὶ
1628 1640 1704 1693 τῆς
1728 1634 1874 1680 Ἰωτα-

219 1699 362 1759 πάτης
394 1698 588 1756 άντεῖχον
630 1698 788 1754 οῧτως,
833 1698 1141 1759 ἀναιρούμενοί
1175 1720 1223 1745 τε
1260 1700 1366 1745 καθ)
1411 1701 1576 1761 ἡμέραν
1612 1705 1773 1747 πολλοὶ
1801 1706 1874 1747 καὶ

331 1849 855 1884 PAMLVRCLatMathemat.
882 1851 953 1884 uet.
979 1861 1014 1893 p.
1040 1851 1117 1884 324.

335 1943 348 1973 1
378 1918 633 1976 συνεπατοέτο
659 1939 692 1972 Α
787 1934 824 1973 δ’
849 1936 909 1973 ἐπὶ
927 1939 955 1972 L
1049 1938 1086 1974 δὲ
1110 1935 1183 1975 υπὸ
1203 1939 1299 1974 PVR
1391 1943 1410 1974 2
1435 1938 1692 1984 ἐσφαλμένων]
1717 1938 1875 1985 §spano-

218 1996 343 2040 μένων
356 1995 471 2030 L¹VR
483 1993 626 2039 ἐσφαλλ
638 2014 645 2021 ·
657 1995 782 2039 μένων
794 1994 841 2027 L²
856 1994 1127 2039 σφαλλομένων
1141 1995 1167 2029 C
1182 1995 1424 2030 desilientibus
1435 1996 1504 2030 Lat
1563 1998 1581 2029 3
1598 1995 1699 2037 εἰς-
1714 1998 1734 2028 4
1747 1990 1876 2040 εὐσχό-

220 2055 320 2093 λουν]
337 2051 512 2095 facillime
529 2052 600 2086 tela
618 2051 823 2096 (lireyebant
840 2050 908 2083 Lat
996 2050 1058 2092 εἰς]
1085 2050 1187 2096 προσ
1203 2051 1309 2093 VRC,
1335 2052 1493 2096 spurium
1517 2055 1619 2095 putat
1636 2051 1809 2085 Destinon

219 2105 366 2154 βουλὰσ
385 2107 410 2141 C
492 2110 513 2141 4
533 2102 739 2153 εὐστόχουν
756 2106 908 2141 PAML2
925 2106 1099 2150 probante
1116 2107 1311 2142 Destinone
1396 2111 1414 2141 5
1440 2103 1660 2144 ἀνεκαλεῖτο
1678 2107 1711 2141 V
1794 2103 1876 2142 ἕπε-

221 2210 292 2233 σον
307 2217 345 2221 —
369 2200 386 2230 7
405 2196 519 2242 τραυι
539 2196 561 2231 i.
580 2206 652 2231 ras.
671 2196 776 2231 unius
794 2206 919 2231 uersus
936 2196 1136 2251 litterarum*
1152 2197 1290 2232 circiter
1308 2201 1348 2232 50
1367 2197 1394 2231 P
1480 2200 1499 2231 6
1517 2196 1555 2232 δὲ
1572 2196 1664 2231 VRC
1747 2200 1764 2230 7
1789 2175 1876 2243 tyge)-

220 2254 352 2297 ματίαι
368 2254 401 2286 Α
471 2252 509 2288 δὲ
526 2252 619 2287 VRC
691 2256 709 2286 8
734 2252 814 2295 μὲν]
841 2262 908 2286 om.
927 2251 974 2285 L¹
997 2252 1066 2295 μὲν
1092 2253 1159 2288 οῦν
1174 2252 1268 2287 VRG
1340 2254 1466 2289 δεσιόυ
1489 2252 1686 2287 PAMVRG
1755 2252 1877 2287 Daesii

221 2312 274 2344 20.
292 2309 366 2343 dies
381 2311 434 2343 est
448 2312 478 2344 S.
489 2308 569 2342 Iulii
584 2307 683 2349 (VIII
695 2308 741 2342 id.
756 2308 838 2350 Iul.)
851 2308 934 2341 anni
947 2308 1076 2342 Iuliani
1089 2310 1143 2349 (67
1158 2319 1192 2352 p.
1209 2308 1306 2351 Chr.)
1379 2313 1417 2343 10
1437 2312 1676 2353 θυμουμενοσ
1694 2308 1769 2350 (sic)
1783 2307 1808 2340 C

224 2368 261 2398 11
295 2368 406 2412 τρεῖς]
437 2367 520 2408 τρὶσ
546 2368 599 2406 (s.)
626 2365 653 2398 P
801 2367 841 2398 12
867 2361 1028 2399 ἕκαστον
1059 2363 1103 2399 τὸ
1135 2359 1238 2410 ῧψοσ
1270 2367 1312 2399 tr.
1339 2365 1433 2400 VRG
1569 2361 1758 2404 κελεύσας]
1789 2366 1876 2409 βου-

222 2418 361 2456 λεύσασ
386 2421 412 2455 C
554 2424 593 2455 13
620 2417 682 2462 ὡς]
708 2417 759 2462 ὡς
783 2416 830 2456 ἄν
854 2419 955 2453 Math
1095 2423 1135 2453 14
1161 2416 1347 2466 οἷπέστησε
1371 2420 1409 2454 Μ
1546 2415 1810 2465 συνεπιβήσασ,
1835 2432 1875 2454 πι

223 2477 339 2521 suppl.
363 2477 396 2510 A
426 2474 612 2522 ἐπιβήσασ
636 2476 763 2511 LVRC
792 2474 1077 2521 προσεπιβήσας
1107 2485 1149 2509 ex
1175 2477 1252 2511 cod.
1278 2477 1382 2510 Voss.
1407 2475 1561 2510 Dindorf
1696 2477 1735 2508 16
1763 2474 1811 2516 δὲ]
1838 2474 1875 2510 δὲ

222 2534 285 2567 καὶ
299 2532 400 2566 Math
463 2531 812 2578 ρωμαλαιωτάτουσ
827 2531 888 2564 PA
907 2529 1246 2576 ῥωμαλαιοτάτουσ
1262 2531 1428 2566 RCMath
1445 2529 1769 2576 ῥωμαλεωτέρουσ
1784 2530 1814 2563 L

225 2589 477 2632 σφενδονίτασ
493 2588 629 2622 AMath
654 2582 913 2633 σφενδονητὰσ
935 2585 1017 2619 L¹R
1102 2589 1139 2620 17
1166 2587 1341 2632 θωρακία
1366 2586 1399 2620 R
1421 2589 1617 2628 θωρακεῖα
1642 2585 1796 2620 Dindorf

229 2646 266 2677 19
294 2641 507 2686 ἀμύνασθαι
534 2643 662 2678 CMath
745 2646 786 2677 20
811 2644 857 2687 τῇ
880 2640 923 2677 ἐκ
944 2639 1073 2687 χειρὸς
1095 2644 1193 2687 βολῇ
1217 2641 1316 2675 Math
1401 2644 1439 2674 21
1468 2636 1608 2676 αὖτοὺσ
1631 2640 1796 2674 PLMath

225 2697 441 2734 δυσάλωτον
457 2699 505 2732 V¹
528 2698 793 2735 δυσανάλωτον
809 2697 973 2732 RCMath
997 2699 1032 2731 et
1057 2707 1099 2730 ex
1124 2707 1215 2731 corr.
1234 2697 1266 2731 V
1335 2699 1403 2732 τοῦ
1427 2707 1493 2731 om.
1513 2697 1543 2730 V
1611 2697 1686 2737 καὶ]
1710 2697 1773 2731 καὶ
1797 2703 1877 2738 τοῖς

225 2754 327 2788 Math
351 2755 536 2798 maaz'sque
552 2754 621 2788 Lat
702 2756 744 2787 22
769 2751 1027 2798 πειρωμένουσ
1052 2752 1214 2786 PAMVC
1294 2750 1501 2794 ὗπεξέθεον
1525 2752 1554 2785 L
1636 2754 1677 2786 23
1703 2747 1876 2798 οἷναιρού-

224 2811 335 2853 μενοί
345 2829 389 2833 —
401 2820 436 2853 p.
452 2811 551 2851 313,2
566 2806 727 2854 ἔχοντες]
742 2809 904 2854 quamuis
921 2808 1021 2842 multi
1037 2808 1073 2841 in
1091 2807 1166 2842 dies
1178 2808 1340 2853 sinqulos
1356 2808 1603 2843 occumberent
1617 2818 1732 2853 neque
1748 2815 1877 2842 contra

225 2864 314 2900 mali
325 2864 514 2910 quicquam
529 2864 688 2899 hostibus
698 2865 875 2909 facerent,
893 2863 993 2909 quod
1003 2874 1065 2898 eos
1076 2864 1152 2897 sine
1163 2863 1325 2906 periculo
1336 2863 1527 2909 prohibere
1539 2874 1612 2898 non
1626 2867 1796 2909 poterant
1807 2863 1878 2898 Lat
