2018 3236
109 273 189 313 324

109 472 188 512 325

108 671 187 711 326

109 1205 189 1244 328

109 1339 188 1379 329

114 1540 193 1580 330

113 1673 188 1714 331

218 158 296 194 612
623 155 688 188 DE
714 153 871 188 BELLO
896 152 991 187 IUD.
1016 152 1085 187 VII
1110 155 1283 188 323—331
1312 155 1384 194 (vm
1412 154 1443 196 6)

221 269 374 324 ἔργοις.
425 266 537 321 πρὸς
559 264 608 307 ὃν
631 262 866 319 azimi-951⁷}
899 264 1251 317 καταισχύνωμεν
1281 264 1498 320 πρότερον
1527 264 1637 321 μηδὲ
1668 265 1868 308 δουλείαν

219 331 444 377 ἀκίνδυνον
482 330 817 385 ὑπομείναντες,
857 333 930 373 νῦν
970 331 1016 373 δὲ
1054 330 1164 385 μετὰ
1196 331 1395 381 δουλείας
1426 330 1625 385 ἑλόμενοι
1655 335 1870 386 τιμωρίας

219 398 487 457 ἀνηκέστους,
521 398 559 440 εἷ
581 398 734 449 ζῶντες
755 395 841 440 ὑπὸ
861 395 1090 452 Ῥωμαίοις
1115 397 1333 452 ἐσόμεθα·
1366 400 1539 453 πριῦτοί
1568 414 1615 440 τε
1643 397 1724 453 γὰρ
1755 398 1869 440 πάν-

218 485 303 510 των
347 463 595 521 ἀπέστημεν
626 466 696 507 καὶ
729 466 1006 520 πολεμοῦμεν
1040 461 1189 515 αὐτοῖς
1218 466 1474 508 τελευταῖοι.
1527 464 1688 518 νομίζω
1720 464 1767 508 δὲ
1797 467 1869 508 καὶ

218 532 340 589 παρὰ
379 535 490 574 θεοῦ
519 532 678 588 ταύτην
711 532 927 575 δεδόσθαι
955 532 1082 587 χάριν
1112 536 1189 575 τοῦ
1222 532 1443 575 δύνασθαι
1474 532 1617 582 καλῶς
1647 534 1719 575 καὶ
1752 531 1870 575 ἐλευ-

216 604 361 655 θέρως
402 595 670 651 ᾶποθανεῖν,
711 594 822 651 ὅπερ
863 596 1012 649 ἄλλοις
1052 595 1127 641 οὒκ
1166 599 1333 655 ἐγένετο
1372 594 1481 654 παρ’
1524 598 1684 642 ἐλπίδα
1713 615 1873 655 κρατη-

217 671 378 710 θεῖσιν.
428 666 530 723 ἡμῖν
552 666 598 708 δὲ
620 666 841 723 πρόδηλος
861 669 939 720 μέν
962 666 1079 709 ἐστιν
1098 664 1122 723 ἡ
1144 669 1404 723 γενησομένη
1427 662 1535 720 μεθ’
1561 663 1726 724 ἡμέραν
1757 660 1872 708 ἕλω-

217 749 298 785 σις,
322 733 534 789 ἐλευθέρα
552 734 597 776 δὲ
614 731 637 789 ἡ
661 736 737 776 τοῦ
757 737 956 789 γενναίου
978 733 1178 776 θανάτου
1199 733 1309 787 μετὰ
1329 736 1417 776 τῶν
1441 733 1667 790 φιλτάτων
1691 734 1871 789 αἵρεσις.

217 798 314 843 οὔτε·
333 798 415 855 γὰρ
437 797 558 842 τοῦτ’
586 796 861 843 ἀποκωλύειν
891 801 931 843 οἱ
963 802 1171 854 πολέμιοι
1203 802 1410 844 δύνανται
1440 800 1619 850 πάντως
1650 796 1873 855 εὐχόμενοι

218 867 379 918 ζῶντας
401 864 515 923 ἡμᾶς
536 869 823 923 παραλαβεῖν,
856 864 960 910 οἰῖθ)
995 865 1121 923 ἡμεῖς
1153 866 1340 919 ἐκείνους
1370 868 1435 910 >ε’τι
1466 870 1587 911 νικᾶν
1617 867 1869 922 μαχόμενοι.

219 934 306 976 ἔδει
336 934 414 987 μὲν
444 933 525 989 γὰρ
557 931 689 985 εὐθὺς
720 935 828 985 ἰ’σως
859 934 906 985 ἐξ
935 931 1085 991 ἀρχῆς,
1119 931 1192 978 ότε
1221 938 1298 991 τῆς
1329 935 1585 990 ἐλευθερίας
1614 933 1718 993 ἡμῖν
1750 931 1872 978 ᾶντι-

217 1005 455 1044 ποιεῖσθαι
475 1001 695 1058 θελήσασι
717 1002 863 1044 πάντα
884 1004 954 1044 καὶ
978 998 1088 1057 παρ’
1125 998 1324 1056 ἀλλήλων
1356 999 1570 1057 ἀπέβαινε
1597 1001 1770 1056 χαλεπὰ
1800 1004 1873 1046 καὶ

217 1067 340 1122 παρὰ
370 1071 456 1110 τῶν
487 1070 713 1123 πολεμίων
740 1073 884 1123 χείρω,
917 1071 993 1126 τῆς
1023 1071 1102 1111 τοῦ
1131 1072 1243 1112 θεοῦ
1272 1070 1445 1127 γνώμης
1477 1069 1772 1123 στοχάζεσθαι
1801 1071 1874 1112 καὶ

217 1135 462 1190 γινώσκειν,
495 1131 564 1178 ὅτι
594 1135 642 1179 τὸ
676 1136 818 1178 πάλαι
850 1137 980 1193 φίλον
1012 1132 1131 1192 αὐτῷ
1162 1138 1300 1193 φῦλον
1325 1133 1548 1180 Ἰουδαίων
1578 1140 1872 1192 κατέγνωστο·

220 1206 362 1255 μένων
383 1201 463 1257 γὰρ
489 1199 667 1261 εὐμενὴς
696 1197 723 1258 ἢ
753 1207 941 1258 μετρίως
969 1205 1072 1258 γοῦν
1105 1200 1429 1262 ἀπηχθημένος,
1463 1199 1539 1246 οὐκ
1570 1197 1621 1247 ἂν
1651 1203 1874 1246 τοσούτων

218 1269 295 1322 μὲν
318 1265 574 1323 ἀνθρώπιον
595 1271 814 1327 περιεῖδεν
836 1267 1037 1325 ὄλεθρον,
1069 1270 1292 1327 προήκατο
1315 1271 1361 1313 δὲ
1381 1270 1459 1328 τὴν
1483 1271 1719 1327 ἱερωτάτην
1743 1266 1875 1313 αὐτοῦ

219 1335 352 1379 πόλιν
391 1339 495 1391 πυρὶ
536 1339 606 1380 καὶ
647 1346 951 1394 κατασκαφαῖς
991 1338 1229 1391 πολεμίων.
1291 1336 1414 1395 ἡμεῖς
1450 1334 1490 1379 δ’
1528 1335 1614 1394 ἄρα
1643 1339 1715 1380 καὶ
1746 1337 1876 1391 μόνοι

219 1405 297 1444 τοῦ
319 1403 487 1454 παντὸς
503 1401 724 1448 Ἰουδαίων
745 1408 892 1460 γένους
914 1400 1164 1461 ἠλπίσαμεν
1186 1405 1481 1460 περιέσεσθαι
1511 1405 1587 1463 τὴν
1619 1405 1875 1459 ἐλευθερίαν

221 1469 501 1525 φυλάξαντες,
535 1467 685 1525 ὥσπερ
707 1468 1003 1528 ἀναμάρτητοι
1026 1471 1139 1527 πρὸς
1159 1471 1235 1514 τὸν
1257 1471 1367 1515 θεὸν
1386 1472 1609 1527 γενόμενοι
1638 1474 1709 1515 καὶ
1740 1472 1874 1529 μηδε-

223 1538 327 1589 μιᾶς
347 1538 634 1591 μετασχόντες
657 1555 691 1590 ε,
721 1542 762 1581 οἳ
783 1541 855 1582 καὶ
877 1538 977 1588 τους
999 1536 1157 1589 ἄλλους
1179 1538 1459 1593 ἒδιδάξαμενς
1479 1542 1710 1595 τοιγαροῦν
1731 1537 1875 1594 ὁρᾶτε,

223 1605 320 1652 πῶς
356 1601 469 1660 ἡμᾶς
500 1604 659 1660 ἐλέγχει
687 1605 855 1659 μάταια
886 1605 1277 1663 προσδοκήσαντας
1307 1611 1534 1660 κρείττονα
1564 1610 1651 1649 τῶν
1683 1606 1876 1649 ἐλπίδων

223 1668 300 1725 τὴν
339 1669 382 1711 ἐν
421 1680 514 1722 τοῖς
554 1673 712 1722 δεινοῖς
748 1668 932 1727 ἀνάγκην
965 1672 1216 1727 ἐπαγαγών·
1258 1669 1357 1715 οἷ’δὲ
1387 1673 1468 1728 γὰρ
1500 1671 1523 1729 ἦ
1556 1676 1633 1717 τοῦ
1664 1678 1876 1730 φρουρίου

223 1732 355 1792 φύσις
395 1733 617 1789 ἀνάλωτος
648 1731 758 1782 οὖσα
788 1738 901 1793 πρὸς
932 1743 1150 1796 σωτηρίαν
1182 1736 1422 1797 ὠφέληκεν,
1466 1737 1577 1782 ἀλλὰ
1607 1743 1679 1783 καὶ
1709 1742 1877 1796 τροφῆς

223 1799 452 1859 ἀφθονίαν
490 1808 559 1848 καὶ
602 1807 778 1863 πλῆθος
818 1801 968 1847 ὅπλων
1006 1808 1075 1848 καὶ
1115 1806 1192 1862 τὴν
1232 1804 1367 1863 ἄλλην
1399 1807 1566 1860 ἔχοντες
1596 1806 1876 1863 παρασκευὴν

224 1872 564 1925 περιττεύουσαν
610 1869 687 1915 ὑπ’
740 1869 872 1916 αἰτοῦ
917 1875 1175 1929 περιφανῶς
1219 1876 1295 1915 τοῦ
1335 1876 1443 1916 θεοῦ
1482 1873 1559 1929 τὴν
1599 1874 1761 1916 ἐλπίδα
1799 1876 1876 1929 τῆς

337 1994 861 2039 PAMLVRGLatHegesippus
886 1994 916 2028 V
942 1998 983 2029 53
1009 2006 1043 2038 p.
1071 1998 1147 2030 381.

343 2054 352 2083 l
381 2045 522 2086 αὐτοὺσ
546 2051 660 2085 PV¹R
684 2054 720 2085 et
743 2051 779 2084 in
804 2050 975 2094 suppletis
999 2052 1031 2084 A
1056 2049 1217 2087 ἑαυτούσ
1242 2051 1268 2085 C
1406 2055 1425 2085 2
1451 2054 1528 2087 νυνὶ
1551 2052 1647 2087 VRC
1767 2051 1878 2095 μετὰ]

225 2102 270 2140 τὰ
296 2107 326 2138 Α
426 2109 444 2140 3
470 2102 556 2148 ὑπὸ]
581 2105 642 2142 ἐπὶ
666 2106 787 2140 Naber
889 2104 1068 2151 ἐσώμεθα
1095 2104 1278 2151 (ἐσόμεθα
1302 2117 1346 2142 ex
1371 2117 1461 2142 corr.
1487 2108 1523 2141 in
1546 2108 1733 2152 suppletis)
1757 2108 1789 2141 A

228 2174 266 2196 τε
292 2171 358 2195 om.
384 2161 487 2196 LLat
511 2165 546 2196 et
569 2162 605 2196 in
628 2162 808 2206 prioribus
833 2162 864 2195 A
979 2165 999 2196 4
1025 2163 1062 2199 δὲ
1087 2172 1154 2197 om.
1183 2162 1208 2197 C
1329 2166 1347 2196 5
1374 2161 1565 2204 δεδόσθαι]
1591 2159 1675 2208 ἡμῖν
1700 2160 1877 2199 δεδόσθαι

229 2215 325 2250 CLat
415 2219 489 2259 καὶ]
516 2229 583 2252 om.
609 2217 778 2253 PMLVR
802 2221 837 2253 et
861 2218 897 2252 in
920 2218 1100 2262 prioribus
1124 2219 1166 2260 A,
1192 2228 1220 2252 s.
1244 2218 1277 2251 A
1301 2219 1337 2252 in
1362 2219 1535 2263 suppletis
1638 2223 1655 2253 7
1681 2218 1760 2255 ἐστι
1786 2219 1812 2254 C

227 2275 245 2305 8
271 2270 462 2319 ἐλευθέρα]
487 2274 680 2318 ἐλευθερία
694 2273 728 2317 L
799 2269 834 2309 δ’
855 2274 881 2308 C
950 2276 1104 2319 γεναίου
1128 2273 1154 2307 C
1225 2271 1376 2319 αἵρεσις]
1403 2270 1600 2321 οἷναίρεσισ
1623 2275 1653 2309 L
1713 2278 1732 2309 9
1757 2271 1882 2317 τοῦτ’]

228 2331 343 2363 ταῦτα
360 2328 426 2362 VR
451 2326 558 2366 ταῦτ’
575 2330 602 2364 C
675 2333 714 2364 10
736 2327 822 2366 οὔτε
839 2330 905 2364 VR
975 2327 1039 2372 ἔτι]
1064 2329 1143 2366 ἐστὶ
1160 2330 1238 2364 ΡΑ1
1263 2327 1341 2366 ἔστι
1361 2330 1400 2364 Μ
1425 2327 1478 2366 ἔτι
1495 2344 1566 2377 μην
1582 2331 1630 2366 V¹
1702 2333 1739 2365 11
1767 2326 1882 2367 εὖθυσ

227 2393 269 2416 ex
294 2394 383 2418 corr.
408 2385 440 2418 V
532 2383 626 2421 ἴσωσ
651 2381 765 2422 εὐθὺσ
788 2389 832 2420 tr.
860 2385 886 2420 C
980 2380 1056 2428 ὅτε]
1082 2383 1127 2422 τὸ
1152 2386 1182 2420 L
1301 2390 1341 2422 14
1365 2384 1586 2433 γιγνώσκειν
1610 2386 1640 2420 L
1756 2387 1881 2432 φίλον]

229 2437 454 2483 φιλούμενον
477 2442 511 2474 Α
623 2441 878 2487 κατέγνωστο]
904 2439 1096 2479 ᾶπωλείαν
1119 2439 1304 2483 (ᾶπωλεία
1330 2443 1369 2485 C)
1393 2443 1635 2488 κατέγνωστο
1660 2441 1792 2477 LCLat

234 2498 272 2528 15
302 2495 437 2538 μένων]
469 2497 537 2539 μὲν
561 2494 615 2532 α’)’ν
637 2497 665 2530 Ρ
802 2497 959 2543 μέτριοσ
982 2501 1016 2540 (ο
1043 2508 1087 2533 ex
1112 2513 1141 2534 ω
1167 2509 1257 2533 corr.
1284 2501 1330 2541 A)
1354 2498 1415 2532 AC
1551 2501 1654 2543 γοῦν]
1680 2500 1772 2544 γοῦν
1794 2494 1882 2545 ἡμῖν

230 2549 501 2585 AMLVRCLat
607 2548 873 2598 οἷπεχθημένοσ
892 2553 955 2586 AL
1064 2557 1251 2591 τοσοῦτον
1274 2554 1368 2590 VRC
1480 2556 1519 2589 16
1543 2553 1693 2600 περίδεν
1717 2554 1778 2588 PA

231 2600 332 2640 αὐτῶ
351 2605 380 2638 L
497 2610 535 2641 17
562 2607 600 2643 δὲ
623 2607 689 2642 VR
805 2611 844 2643 18
870 2609 1125 2654 περιέσεσθαι]
1151 2611 1391 2656 περιελέσθαι
1415 2610 1477 2644 ΡΑ
1500 2620 1675 2655 superare
1698 2610 1770 2644 Lat

234 2664 273 2694 19
309 2659 540 2706 φυλάξοντεσ
570 2662 600 2696 L
690 2663 921 2708 θεὸν1****
959 2678 1067 2708 μενοι
1097 2666 1125 2699 P
1215 2664 1409 2712 γινόμενοι
1439 2666 1472 2699 Α
1561 2668 1738 2712 μηδεμιᾶς
1771 2679 1881 2711 μετα-

232 2714 399 2761 σχόντες]
414 2717 604 2752 PALVRG
616 2721 797 2763 μηδεμιᾶσ
808 2717 1067 2765 μετασχόντεσ
1080 2723 1327 2767 παρανομίασ
1340 2722 1378 2756 Μ
1391 2721 1526 2761 nullius,
1540 2722 1668 2771 culpae
1679 2723 1883 2768 participes

230 2772 426 2815 fuissemus
446 2772 515 2806 Lat
534 2775 711 2818 μηδεμιᾶς
727 2769 982 2819 μετασχόντες
999 2772 1186 2822 ἁμαρτίας
1204 2777 1354 2813 Hudson
1369 2772 1529 2823 μηδενὸς
1543 2775 1756 2822 μιάσματος
1770 2790 1883 2822 μετα-

232 2821 388 2872 σχόντες
405 2827 578 2863 Destinon
686 2831 724 2862 21
752 2828 1089 2875 προσδοκήσαντεσ
1106 2833 1137 2864 Α
1244 2835 1285 2865 22
1310 2831 1463 2879 ἐπάγων
1481 2833 1511 2867 L
1620 2829 1716 2874 οὐδὲ]
1740 2833 1883 2868 Bekker

233 2881 319 2919 οὔτε
345 2883 446 2919 codd.
582 2881 669 2931 γὰρ]
695 2882 769 2931 γὰρ
794 2882 893 2930 ἡμᾶσ
916 2885 1115 2921 LVRCLat
1206 2889 1245 2920 23
1273 2885 1466 2933 ὠφέλησεν
1489 2888 1591 2922 ΡΑΜ

1902 876 1937 908 10

1905 1211 1940 1243 15

1906 1547 1944 1579 20

1905 1883 1944 1915 25
