2039 3282
873 149 1064 185 Praefatio.
1714 149 1800 184 XIII

254 269 316 307 11.
358 263 495 308 codex
542 264 776 317 Lipsiensis
817 264 1101 308 bibliothecae
1148 266 1352 308 Paulinae
1399 278 1486 307 nro.
1522 265 1602 306 783
1639 264 1799 306 saeculi

135 335 199 376 XI
228 338 301 376 aut
331 333 413 375 XII
444 332 789 374 membranaceus
822 333 1015 374 foliorum
1049 333 1129 374 258
1149 334 1187 382 ¹).
1245 333 1347 375 folia
1378 334 1430 373 23
1462 333 1599 386 prima
1630 333 1685 386 (p.
1720 334 1795 382 3‚1

137 399 289 455 ἐπειδὴ
323 425 377 429 -
408 402 516 453 60,5
551 398 839 454 ozvvsvwzzkz‘q)
872 401 1067 454 suppleta
1107 404 1202 442 sunt
1240 415 1265 443 a
1305 401 1477 442 librario
1514 400 1674 443 saeculi
1706 399 1800 440 XV.

136 474 256 511 uetus
287 467 424 511 codex
456 467 603 522 incipit
624 481 663 521 p.
688 470 793 520 60,ss
824 469 1049 521 γυναικών.
1101 468 1257 510 desinit
1289 469 1329 509 in
1355 467 1479 510 finem
1503 468 1598 509 libri
1630 467 1801 520 septimi

136 538 206 579 fol.
240 538 358 577 2701.
419 548 598 589 sequens
630 536 787 589 pagina
818 535 991 578 exhibet
1022 537 1260 589 catalogum
1302 536 1506 577 mensium
1546 539 1639 577 octo
1670 547 1802 588 popu-

136 605 284 657 lorum,
317 604 588 656 Graecorum,
622 604 925 657 Hebraeorum,
957 604 1249 658 Bithynorum,
1273 602 1538 656 Cypriorum,
1570 602 1801 656 Aegyptio-

136 685 241 726 rum,
272 671 565 725 Macedonum,
598 670 914 725 Cappadocum,
937 671 1233 713 Romanorum.
1285 674 1513 723 sequuntur
1535 669 1802 712 Constantini

136 740 299 782 librarii
330 752 475 782 uersus
508 739 570 781 hi:

250 814 568 856 κωνσταντῑνος
599 806 745 860 ἐμοῖσι
778 807 1017 863 μελίφροσι
1046 801 1370 860 ἀγλαοθύμοις·
1392 808 1681 860 προφρονέως
1707 803 1801 858 ἑτάΙ

137 889 257 928 ροισι
298 875 409 930 φίλα
453 877 650 930 φρονέων
682 874 743 918 ἐνὶ
775 876 893 931 κῆρι,
934 873 1010 915 τὸν
1042 875 1290 927 περίβωτον
1339 871 1483 914 ἅῐτασι
1525 871 1803 928 reoli-(speon)

140 940 450 997 ἱστοριΙκοῑσι·
484 942 665 999 κρήγυον
691 939 757 983 ιῧσ
778 938 884 995 μάλ’
911 940 1038 982 ἐόντα
1065 939 1265 996 ἷιόσηπον
1296 938 1571 981 τολύπευσα·
1600 931 1643 981 εὖ
1678 938 1804 989 εἰδώς

138 1011 365 1063 μετιοῦσιν
388 1005 648 1063 ἆΙπείριτον
671 1008 845 1062 οἰσέμεν
878 998 999 1060 εὖχος
1021 1021 1062 1062 ·j·
1086 1006 1195 1056 εἴτις
1217 1006 1377 1061 ἔμοιγε,
1410 1009 1613 1059 νέμεσσιν
1637 1002 1803 1060 &sepei-

140 1092 258 1133 ηισιν
291 1076 467 1133 ἐφήσει·
503 1072 578 1131 οἷ’]
605 1093 721 1119 νεκεν
761 1075 1089 1130 αιόλόγραπτος
1135 1073 1212 1130 ἐμὴ
1254 1075 1408 1129 βίβλος
1448 1073 1729 1116 &zuatavae-
1765 1072 1807 1115 οἷ

141 1142 279 1186 αὗτιῦι
308 1161 356 1199 γε
376 1143 714 1198 μάλισταΙπολι)
747 1143 965 1199 πρότερον
989 1142 1239 1198 νεμεσήσει·
1275 1138 1512 1198 οὐλομένης
1543 1144 1697 1197 πενίης
1730 1136 1806 1194 ἀγ-

142 1211 315 1269 νοηκότι
329 1214 359 1263 2)
389 1211 576 1254 κύντατα
607 1211 723 1267 ἔργα.

141 1293 328 1346 sequitur
365 1292 436 1334 fol.
468 1293 545 1332 271
588 1288 790 1344 ἰωσήπου
825 1291 1132 1344 μακκαβαϊκιῦν
1178 1289 1303 1344 λόγος
1346 1280 1391 1331 (I
1435 1287 1806 1345 φιλοσοφιότατον

143 1358 269 1414 λόγον
288 1381 336 1388 —
355 1359 426 1401 fol.
449 1360 530 1400 288
555 1357 617 1407 εἷς
636 1356 738 1407 τοὺς
761 1357 924 1408 αἰῶνας
945 1359 1032 1399 τῶν
1055 1357 1240 1401 αἰώνων.
1293 1354 1422 1413 ἀμήν.
1468 1357 1592 1405 τέλος
1617 1354 1695 1397 σὺν
1716 1357 1809 1395 θιν-ιι

141 1427 217 1468 τοῦ
239 1426 343 1479 περὶ
363 1426 450 1467 τῶν
470 1428 756 1479 μακκαβαίων
779 1424 920 1480 λόγου.
963 1431 1073 1469 totus
1095 1427 1232 1470 codex
1253 1432 1421 1481 praeter
1442 1427 1546 1468 folia
1576 1423 1762 1467 recentia
1783 1435 1810 1464 a

140 1494 304 1536 duobus
321 1494 505 1537 librariis
523 1498 719 1537 exaratus
738 1498 801 1536 est
817 1499 858 1537 et
875 1494 1010 1537 doctis
1028 1498 1069 1537 et
1086 1495 1375 1548 diligentibus.
1417 1495 1459 1536 in
1477 1493 1644 1548 paginis
1661 1503 1808 1533 uersus

141 1567 237 1604 sunt
252 1562 400 1604 triceni
415 1566 489 1604 aut
502 1562 777 1605 undetriceni.
811 1562 923 1604 idem
940 1563 1102 1605 librarii
1120 1564 1161 1605 in
1176 1563 1366 1616 margine
1382 1563 1665 1616 ascripserunt
1678 1559 1807 1602 adno-

141 1633 328 1672 tamenta
358 1630 501 1683 qualia
534 1630 622 1672 fere
653 1631 849 1683 leguntur
880 1631 922 1671 in
952 1631 1000 1683 R,
1033 1630 1217 1673 maxime
1249 1644 1387 1674 rerum
1418 1630 1581 1673 indices
1613 1632 1654 1671 et
1683 1629 1808 1670 inter·

141 1701 407 1752 pretamenta
437 1697 667 1751 uari-aeque
697 1698 901 1741 lectiones
917 1700 971 1752 3);
1005 1703 1262 1741 correctores
1294 1700 1335 1740 in
1366 1699 1479 1741 bello
1510 1697 1683 1740 Iudaico
1716 1709 1809 1739 con-

142 1765 376 1819 spiciuntur
415 1766 600 1808 maxime
640 1770 746 1819 tres,
796 1778 972 1819 quorum
1010 1766 1168 1820 primus
1209 1767 1384 1809 librario
1432 1765 1625 1819 aequalis
1673 1777 1811 1817 pauca

143 1833 339 1886 correxit,
371 1834 602 1888 praecipue
633 1846 734 1875 uero
766 1833 863 1875 libri
885 1834 947 1875 III
977 1835 1171 1876 lacunam
1202 1833 1283 1877 hoc
1313 1834 1440 1877 modo
1473 1833 1680 1887 expleuit:
1713 1844 1810 1873 nam

142 1901 215 1944 fol.
244 1904 321 1942 144
346 1901 527 1955 primum
559 1901 691 1942 uerba
721 1896 844 1949 ἄξιος
876 1899 1036 1950 ἐκεῖνος
1056 1903 1111 1956 (p.
1137 1904 1232 1955 337,
1256 1903 1324 1952 20)
1356 1901 1546 1955 reposuit
1577 1901 1619 1942 in
1650 1912 1810 1942 rasura.

144 1969 300 2012 deinde
340 1969 607 2022 insequentia
637 1965 718 2022 ἐγώ
752 1970 807 2022 (p.
840 1971 935 2024 337,
961 1971 1030 2019 20)
1061 1993 1115 1998 -
1146 1972 1221 2010 καί
1248 1985 1319 2011 τοι
1351 1972 1406 2023 (p.
1438 1970 1533 2022 338,
1562 1969 1627 2018 15)
1660 1968 1810 2010 litteris

143 2037 425 2091 pressioribus
462 2037 631 2091 scripsit
668 2037 711 2078 in
747 2037 884 2091 spatio
916 2050 1114 2079 uersuum
1149 2041 1219 2090 17,
1261 2037 1375 2091 quod
1407 2050 1586 2079 uacuum
1618 2036 1811 2078 relictum

145 2110 246 2148 erat.
298 2109 394 2159 post
422 2107 496 2145 καί
525 2119 595 2146 τοι
625 2105 741 2158 picta
772 2108 836 2146 est
865 2109 976 2147 nota.
1027 2106 1250 2158 sequentia
1271 2105 1456 2159 denique
1488 2101 1564 2159 τήν
1596 2118 1643 2144 τε
1674 2098 1812 2158 ὁρμὴν

144 2174 202 2227 (p.
235 2173 337 2225 338,
372 2174 439 2223 16)
478 2195 532 2200 -
564 2169 820 2224 ἐπιχωρίοις
858 2173 915 2225 (p.
949 2174 1051 2225 341,
1085 2174 1127 2223 2)
1166 2174 1363 2228 suppleta
1407 2176 1502 2214 sunt
1541 2173 1583 2213 in
1622 2171 1813 2224 margine

145 2241 396 2295 paginarum
445 2242 540 2280 1441
585 2244 626 2281 et
673 2241 771 2280 144v
815 2239 974 2282 additis
1019 2239 1084 2283 his
1130 2241 1291 2283 uerbis:
1338 2236 1625 2293 ὗπόστρεψον
1679 2227 1814 2286 αὖθις

147 2301 279 2362 ἧιπερ
332 2305 447 2355 {doeg
499 2304 548 2348 τὸ
597 2307 727 2363 σῆμα.
828 2307 1024 2350 librarius
1078 2308 1206 2361 igitur
1260 2308 1460 2350 omiserat
1504 2306 1637 2349 uerba
1691 2300 1814 2354 ἄξιος

146 2375 203 2430 (p.
228 2377 322 2428 337,
344 2376 414 2425 20)
434 2398 484 2403 —
507 2373 762 2428 ἐπιχωρίοις
784 2375 840 2428 (p.
864 2377 957 2429 341,
980 2377 1022 2425 2)
1043 2388 1325 2429 uersuumque
1350 2378 1398 2416 17
1432 2375 1614 2428 spatium
1635 2385 1815 2415 uacuum

146 2443 396 2497 reliquerat,
428 2442 543 2497 quod
579 2456 672 2485 cum
704 2443 987 2497 supplementi
1029 2456 1166 2496 capax
1197 2457 1280 2486 non
1313 2447 1444 2496 esset,
1477 2443 1602 2495 longe
1632 2441 1815 2495 plurima

148 2510 192 2551 in
236 2510 427 2564 margine
471 2510 630 2564 apponi
673 2523 846 2553 necesse
892 2515 994 2553 erat.
1083 2511 1166 2553 iam
1212 2524 1334 2564 uero,
1380 2510 1424 2552 id
1470 2509 1583 2563 quod
1629 2509 1814 2550 maxime

149 2577 301 2620 mirum
345 2577 522 2631 accidit,
569 2578 906 2632 supplementum
955 2591 1039 2620 non
1089 2592 1142 2621 ex
1189 2579 1274 2620 alio
1323 2577 1471 2620 codice
1520 2576 1697 2630 petitum
1737 2579 1812 2627 est,

267 2713 298 2751 1)
322 2710 404 2745 uide
428 2711 471 2744 A.
493 2710 760 2754 Westermann,
792 2711 1055 2755 Excerptorum
1081 2721 1125 2746 ex
1157 2710 1396 2746 bibliothecae
1420 2708 1593 2743 Paulinae
1617 2707 1815 2752 Lipsiensis

152 2808 236 2834 mss.
262 2810 345 2843 pars
370 2799 493 2836 altera.
522 2800 666 2844 Lipsiae
685 2803 782 2836 1865.
893 2804 926 2844 2)
952 2771 1154 2847 ἄγνοζῖιότι,
1178 2798 1225 2836 κό
1251 2800 1286 2834 in
1312 2808 1449 2834 rasura.
1589 2802 1622 2840 3)
1646 2798 1746 2833 uelut
1771 2797 1816 2831 ad

153 2853 170 2886 I
195 2857 258 2888 408
287 2855 379 2890 idem
409 2856 572 2891 scholion
604 2859 703 2891 extat
734 2857 829 2901 quod
860 2857 969 2892 habet
998 2857 1028 2892 L
1061 2857 1155 2901 (uide
1179 2868 1212 2901 p.
1242 2856 1322 2899 VII)
1347 2857 1383 2890 et
1406 2855 1451 2890 ad
1476 2865 1510 2898 p.
1538 2857 1614 2897 222,
1643 2857 1683 2889 12
1708 2856 1812 2898 (Γερ-

152 2913 298 2953 μανῶν)
321 2913 398 2947 τῶν
421 2914 486 2948 νῦν
510 2909 693 2958 φράγγων
716 2913 970 2957 καλουμένων.
