1987 3246
66 340 118 377 55

67 676 118 715 56

67 1211 119 1251 58

66 1617 119 1656 59

70 1820 122 1858 60

148 152 200 187 14
601 146 666 179 DE
691 144 850 179 BELLO
874 143 970 178 IUD.
995 143 1010 176 I
1036 146 1168 178 54-60
1194 146 1229 184 (ΙΙ
1257 149 1284 175 3.
1306 146 1334 185 4)

151 261 434 318 ἐγκαθείρξας
456 259 529 301 ἐπὶ
552 257 629 299 τὸν
659 262 806 312 τρίτον
821 253 1034 313 Ἰωάννην,
1067 255 1115 304 ὃς
1144 257 1216 298 καὶ
1233 253 1432 309 Ὑρκανὸς
1463 253 1670 304 ἐκαλεῖτο,
1701 251 1802 302 τοὺς

152 327 467 384 ἀναιρήσοντας
490 324 702 378 ἔπεμψεν.
753 322 969 378 προγνοὺς
992 322 1136 379 δὲτὴν
1158 323 1318 379 ἔφοδον
1349 319 1370 364 ὁ
1404 324 1625 370 νεανίσκος
1655 336 1801 374 παρα-

147 399 355 453 γενέσθαι
378 393 440 442 εἷς
459 393 537 450 τὴν
558 394 691 435 πόλιν
720 387 938 448 ἠπείγετο,
970 390 1178 432 πλεῖστον
1207 392 1269 445 τῷ
1300 391 1392 445 λαιῇ
1423 386 1663 437 πεποιθώς
1692 386 1801 428 κατά

147 481 194 506 τε
214 463 383 519 μνήμην
409 463 493 504 τῶν
525 459 744 516 πατρῴων
773 456 1132 513 κατορθωμάτων
1162 458 1235 499 καὶ
1264 466 1393 510 μῖσος
1421 458 1498 514 τῆς
1519 456 1800 508 Πτολεμαίου

149 533 443 586 παρανομίας.
508 527 683 583 ω’ρμησε
729 526 774 568 δὲ
819 527 890 567 καὶ
929 525 1209 578 Πτολεμαῖος
1248 523 1466 566 εἰσελθεῖν
1501 519 1608 565 καθ
1653 522 1803 577 ετέραν

149 598 310 678 πύλην,
351 595 615 651 εξεκρουσθη
647 610 694 649 γε
723 592 807 673 μὴν
838 609 924 634 υπο
956 594 1033 633 τοῦ
1066 590 1203 646 δήμου
1233 594 1396 644 ταχέως
1427 591 1690 646 δεδεγμένων
1720 587 1800 646 ἤδη

148 665 224 708 τὸν
250 663 465 720 Ὑρκανόν.
516 664 587 704 καὶ
627 679 648 703 ο
689 677 768 714 μεν
807 675 1074 714 παραχρημα
1111 655 1379 714 ανεχιόρησεν
1410 660 1472 707 είς
1501 675 1545 700 τι
1574 660 1660 699 τῶν
1690 656 1801 712 ὑπὲρ

146 730 422 788 Ἱεριχοῦντος
467 729 712 784 ερτμάτων,
759 727 781 770 ὃ
827 725 986 781 Δαγων
1030 727 1249 768 καλεῖται·
1299 724 1591 779 κομισάμενος
1636 725 1682 767 δὲ
1725 724 1802 781 τὴν

151 799 363 856 πατρῴαν
404 795 722 853 ἀρχιερωσύνην
749 793 966 849 (Υρκανὸς
1003 795 1076 836 καὶ
1106 793 1251 843 θύσας
1288 794 1351 847 τῷ
1381 794 1477 847 θεῷ
1506 791 1616 845 μετὰ
1645 791 1803 844 τάχους

151 867 227 911 ἐπὶ
259 867 540 920 Πτολεμαῖον
581 860 778 921 ὥρμησεν
816 861 1056 919 βοηθήσων
1095 863 1149 916 τῇ
1186 862 1316 915 μητρὶ
1354 861 1426 901 καὶ
1457 867 1551 909 τοῖς
1583 857 1801 916 ἀδελφοῖς,

153 940 190 977 4.
231 936 303 977 καὶ
339 932 606 989 προσβαλών
636 934 698 987 τῷ
731 934 928 987 φρουρίῳ
959 928 1013 970 τὰ
1044 928 1122 982 μὲν
1155 925 1267 969 ἄλλα
1296 931 1503 981 κρείττων
1535 918 1604 983 ἧν,
1643 924 1802 980 ἡττᾶτο

151 1003 197 1045 δὲ
229 1003 398 1045 δικαίου
430 1000 630 1049 πάθοις
671 997 691 1041 ὁ
724 1015 804 1054 γαρ
832 998 1110 1050 Πτολεμαῖος
1141 993 1280 1038 ὁπότε
1309 1003 1620 1045 καταπονοῖτο,
1651 993 1728 1051 τήν
1757 1010 1805 1035 τε

149 1072 316 1126 μητέρα
359 1070 432 1111 καὶ
475 1083 577 1116 τοις
624 1062 842 1123 αδελφους
888 1061 1019 1107 αυτοῦ
1061 1063 1267 1118 προάγων
1308 1061 1382 1105 επὶ
1420 1064 1497 1104 τοῦ
1535 1065 1704 1114 τείχους
1742 1060 1804 1110 εἰς

151 1133 419 1179 εὐσύνοπτον
449 1131 616 1191 ικίζετο
647 1135 718 1175 καὶ
750 1140 1104 1188 κατακρημνιεῖν,
1147 1130 1185 1172 εἰ
1215 1129 1272 1186 μὴ
1303 1132 1473 1172 θᾶττον
1505 1125 1802 1185 απανασταίη,

152 1204 385 1260 διηπείλει.
436 1218 549 1256 προς
588 1200 614 1242 ἃ
653 1201 729 1242 τὸν
769 1201 847 1253 ιιὲν
873 1197 1075 1250 Ὑρκανὸν
1116 1194 1244 1253 ὂργης
1283 1197 1448 1239 πλείων
1489 1194 1631 1246 οἶκτος
1667 1195 1804 1249 εἰσῃει

149 1273 222 1313 καὶ
262 1270 380 1321 δέος,
419 1267 443 1325 ἡ
486 1270 532 1312 δὲ
567 1268 707 1325 μήτηρ
740 1264 866 1309 ούδὲν
897 1263 995 1308 οὔτε
1026 1264 1140 1319 πρὸς
1169 1264 1248 1314 τὰς
1280 1264 1424 1315 αἰκίας
1456 1260 1554 1306 οὕτε
1585 1262 1698 1318 πρὸς
1726 1261 1803 1305 τὸν

150 1334 470 1391 ἀπειλούμενον
512 1332 618 1389 αὐτῇ
656 1335 854 1377 θάνατον
897 1332 1126 1375 ἐνδιδοῦσα
1160 1341 1309 1387 χεῖρας
1341 1329 1472 1387 ὤρεγε
1501 1332 1571 1373 καὶ
1602 1347 1804 1386 κατηντι-

149 1405 273 1459 βόλει
288 1403 364 1447 τὸν
386 1404 527 1446 παῖδα
547 1403 651 1460 μήτι
674 1402 787 1456 πρὸς
808 1401 883 1458 τὴν
907 1396 1037 1457 αύτῆς
1058 1396 1181 1454 Τύβριν
1204 1398 1531 1442 ἐπικλασθέντα
1553 1400 1805 1454 φείσασθαι

149 1474 228 1514 τοῦ
260 1472 515 1525 δυσσεβοῦς,
557 1468 615 1520 ὠς
647 1467 755 1526 αὐτῇ
785 1486 831 1525 γε
860 1473 1085 1523 κρείττονα
1115 1466 1190 1508 τὸν
1221 1465 1265 1508 ἐκ
1295 1468 1575 1520 Πτολεμαίου
1605 1463 1804 1506 θάνατον

153 1536 407 1589 ἀθανασίας
447 1537 558 1581 εἶναι
600 1537 752 1586 δόντος
784 1537 905 1586 δίκας
937 1531 1007 1591 ἐφ)
1044 1534 1109 1584 οἷς
1141 1534 1203 1584 εἰς
1232 1534 1308 1576 τὸν
1340 1532 1457 1577 οἶκον
1490 1529 1631 1575 αὐτῶν
1661 1548 1805 1588 παρη-

153 1608 352 1664 νόμησεν.
410 1604 431 1649 ὁ
467 1607 513 1648 δὲ
539 1602 737 1684 Ἰωάννης
768 1601 905 1646 ὁπότε
934 1603 1012 1657 μὲν
1044 1602 1317 1658 ἐνθυμηθείη
1349 1601 1397 1644 τὸ
1432 1600 1700 1656 παράστημα
1729 1601 1805 1656 τῆς

152 1674 315 1732 μητρὸς
344 1676 417 1717 καὶ
446 1688 728 1716 κατακοισειε
758 1675 834 1727 τῆς
867 1672 1043 1722 ἱκεσίας,
1075 1665 1250 1726 ὥρμητο
1283 1668 1590 1724 προσβάλλειν,
1624 1666 1804 1710 ἐπειδὰν

155 1743 200 1785 δε
238 1742 409 1784 κατίδοι
448 1743 721 1795 τυπτομὲνιν
751 1756 797 1781 τε
828 1741 901 1781 καὶ
933 1740 1316 1793 σπαραττομένην,
1357 1735 1592 1791 εθηλύνετο
1624 1736 1694 1777 καὶ
1726 1736 1803 1775 τοῦ

154 1809 336 1859 πάθους
365 1808 466 1858 ὅλος
495 1826 559 1865 ην.
609 1809 866 1863 τριβοιιενης
898 1806 943 1848 δὲ
976 1805 1047 1848 δια
1079 1807 1217 1847 ταῦτα
1247 1807 1323 1860 τῆς
1353 1805 1612 1857 πολιορκίας
1643 1801 1803 1858 επέστη

152 1877 201 1920 τὸ
237 1872 369 1932 ἆργόν
400 1876 507 1926 ἔτος,
539 1894 560 1918 ο
594 1892 701 1916 κατα
735 1873 767 1916 ἓ
765 1877 971 1916 τταετίαν
1004 1869 1201 1927 αργεῖται
1232 1870 1354 1925 παρὰ
1381 1867 1610 1919 Ιουδαίοις
1640 1866 1804 1922 ομοίως

266 2012 286 2054 ξ
305 2013 407 2044 54-
363 2028 407 2039 =
423 2008 607 2043 Ant.1.ud
632 2008 718 2042 XIII
743 2010 819 2042 228.

266 2132 727 2175 MLVNCLatHegesippus
752 2131 768 2164 Ι
791 2134 802 2164 1
830 2141 864 2174 p.
884 2133 914 2164 4.

271 2195 284 2225 1
311 2191 518 2233 καθείρξασ
543 2187 640 2222 LVN
734 2189 751 2220 2
779 2183 1068 2232 άναιρήσοντασ,
1094 2198 1114 2220 0
1141 2195 1184 2219 ex
1209 2199 1232 2220 α
1257 2195 1348 2219 corr.
1374 2184 1406 2219 V
1498 2184 1651 2220 νεανιάσ
1676 2181 1714 2215 Μ

155 2251 174 2281 3
199 2247 369 2293 ἐπείγετο
395 2246 493 2281 LVN
564 2248 741 2280 πλεῖστον
765 2245 829 2291 τῷ]
856 2242 966 2276 multo
991 2242 1061 2276 Lat
1153 2245 1173 2275 4
1198 2245 1250 2282 τε]
1277 2255 1317 2277 τε
1341 2238 1407 2286 τὴν
1432 2240 1470 2274 Μ
1555 2243 1574 2273 6
1599 2236 1804 2283 δεδεδεγμέ-

156 2318 231 2339 των
256 2304 281 2338 C
307 2302 455 2349 δεδεγιιέ
447 2315 540 2342 ¹11¹,101
571 2315 591 2336 υ
616 2304 654 2335 ut
677 2300 749 2334 uid
774 2300 797 2334 i.
822 2309 892 2333 ras.
918 2299 947 2332 L
1039 2302 1056 2331 7
1083 2297 1146 2339 εἴς]
1178 2296 1240 2333 ἐπί
1262 2296 1389 2332 LVNC
1465 2299 1483 2330 8
1510 2291 1531 2331 ὂ
1557 2305 1624 2329 om.
1649 2293 1712 2327 LN

156 2366 175 2395 9
201 2357 394 2408 πατρωαν]
419 2355 592 2404 οἷρχαί,αν
616 2357 637 2391 i.
662 2366 760 2399 marg
764 2369 852 2402 γρ.
878 2351 1061 2400 πατρώαν
1084 2353 1114 2386 L
1233 2348 1502 2399 οἷρχιεροσύνην
1527 2351 1553 2386 C
1668 2353 1707 2384 10
1732 2347 1803 2390 επὶ]

155 2415 215 2453 ἐπὶ
248 2413 316 2452 τὸν
340 2416 371 2450 V
497 2409 714 2462 βοηθήσων]
748 2408 971 2458 τιμωρήσων
995 2410 1120 2445 LVNC
1145 2410 1349 2444 adiumento
1372 2408 1523 2452 futurus
1550 2407 1622 2441 Lat
1639 2405 1803 2451 periculo

155 2507 305 2549 auferre
328 2505 405 2548 Heg
522 2508 555 2538 11
584 2507 647 2539 καὶ
671 2499 915 2549 προσβαλων]
940 2497 1172 2546 προσβαλὼν
1196 2499 1234 2535 δε
1258 2498 1385 2533 LVNC
1486 2472 1662 2543 κρεῖτταδν
1686 2495 1717 2529 V

157 2566 196 2595 13
216 2575 311 2607 προ·
333 2580 341 2587 ·
359 2559 462 2607 άγων
475 2561 504 2595 L
518 2558 749 2606 προανάγων
762 2559 826 2594 VN
887 2557 938 2599 εἰς
951 2552 1182 2593 εὐσύνοπτον
1195 2556 1216 2589 ἰ.
1230 2565 1337 2597 marg.
1353 2553 1513 2597 suppl.V
1576 2555 1613 2585 14
1631 2555 1803 2597 διακρημ-

157 2623 246 2653 νιεῖν
270 2617 398 2652 LVNC
534 2619 690 2657 θᾶττον]
716 2613 847 2660 τάχοσ,
870 2614 891 2648 i.
916 2624 1021 2656 marg.
1048 2615 1193 2649 θᾶττον
1216 2611 1248 2645 V
1384 2606 1636 2653 οἷπανασταίηι
1660 2606 1691 2641 L

160 2678 198 2708 15
225 2670 310 2710 &V
424 2668 547 2719 ὀργῆς]
575 2667 695 2717 ὀργῆσ
719 2684 759 2707 τε
784 2671 821 2705 Μ
936 2673 1068 2706 πλεῖον
1092 2666 1245 2702 MVL¹N
1266 2666 1351 2711 plus
1375 2666 1445 2699 Lat
1557 2663 1663 2699 εἰσίει
1689 2662 1714 2695 C

160 2733 199 2764 18
223 2728 320 2775 μήτι]
351 2727 443 2774 μήτε
467 2729 531 2762 LN
562 2725 651 2772 μὴδε
675 2727 706 2761 V
729 2724 778 2772 μὴ
805 2726 830 2760 C
856 2738 900 2761 ne
923 2726 982 2760 uel
1013 2725 1085 2758 Lat
1198 2719 1320 2768 αὐτῆς]
1353 2718 1468 2766 αὐτὴν
1490 2722 1531 2754 ut
1553 2719 1623 2753 uid.
1649 2719 1692 2753 C¹

159 2789 198 2820 19
217 2789 400 2831 δυσεβοῦσ
414 2785 456 2818 C¹
526 2787 566 2818 20
585 2784 731 2824 δόντος]
750 2780 922 2818 διδόντοσ
938 2781 1066 2816 LVNC
1136 2781 1178 2813 22
1193 2776 1345 2824 μητρὸς]
1361 2773 1508 2823 μητρὸσ
1526 2772 1641 2811 αὐτοῦ
1653 2774 1751 2810 LVN

157 2845 390 2888 προσβαλεῖν
403 2841 501 2875 LVN
571 2838 721 2875 ἐπειδὰν
738 2839 787 2879 δὲ]
805 2837 885 2873 ἐπεὶ
902 2838 939 2873 δὲ
956 2836 1113 2870 Dindorf
1126 2834 1207 2871 ἐπεὶ
1223 2830 1257 2870 δ’
1277 2829 1322 2870 αὖ
1339 2833 1445 2867 Niese
1521 2835 1561 2866 23
1589 2842 1805 2875 σπαρασσο-

155 2898 268 2944 μένην
293 2897 323 2932 V
415 2900 456 2931 25
483 2894 694 2935 ἑπταετίαν]
719 2891 813 2930 ἑπτὰ
839 2891 900 2940 ἔτη
923 2892 1020 2928 LVN

1835 869 1870 901 10

1834 1204 1870 1235 15

1835 1541 1872 1572 20

1835 1878 1872 1909 25
