<?xml version="1.0" encoding="UTF-8"?>
<!DOCTYPE html PUBLIC "-//W3C//DTD XHTML 1.0 Transitional//EN"
    "http://www.w3.org/TR/xhtml1/DTD/xhtml1-transitional.dtd">
<html xmlns="http://www.w3.org/1999/xhtml" xml:lang="en" lang="en">
 <head>
  <title>
</title>
<meta http-equiv="Content-Type" content="text/html;charset=utf-8" />
  <meta name='ocr-system' content='tesseract 3.04.00' />
  <meta name='ocr-capabilities' content='ocr_page ocr_carea ocr_par ocr_line ocrx_word'/>
</head>
<body>
  <div class='ocr_page' id='page_1' title='image "./operajosephus06joseuoft_0100.png"; bbox 0 0 1987 3246; ppageno 0'>
   <div class='ocr_carea' id='block_1_1' title="bbox 190 136 1425 184">
    <p class='ocr_par' dir='ltr' id='par_1_1' title="bbox 190 136 1425 184">
     <span class='ocr_line' id='line_1_1' title="bbox 190 136 1425 184; baseline 0.002 -14"><span class='ocrx_word' id='word_1_1' title='bbox 190 140 240 176; x_wconf 81' lang='lat'><em>20</em></span> <span class='ocrx_word' id='word_1_2' title='bbox 589 137 656 171; x_wconf 86' lang='lat' dir='ltr'><em>DE</em></span> <span class='ocrx_word' id='word_1_3' title='bbox 682 136 842 171; x_wconf 80' lang='lat' dir='ltr'>ssELLo</span> <span class='ocrx_word' id='word_1_4' title='bbox 867 136 964 172; x_wconf 87' lang='lat' dir='ltr'>IUD.</span> <span class='ocrx_word' id='word_1_5' title='bbox 988 138 1006 172; x_wconf 88' lang='lat' dir='ltr'>I</span> <span class='ocrx_word' id='word_1_6' title='bbox 1031 139 1163 173; x_wconf 84' lang='lat'>81—85</span> <span class='ocrx_word' id='word_1_7' title='bbox 1189 143 1246 181; x_wconf 84' lang='lat'>(111</span> <span class='ocrx_word' id='word_1_8' title='bbox 1273 144 1299 171; x_wconf 73' lang='lat' dir='ltr'><em>e.</em></span> <span class='ocrx_word' id='word_1_9' title='bbox 1324 144 1368 172; x_wconf 80' lang='lat' dir='ltr'><em>1v</em></span> <span class='ocrx_word' id='word_1_10' title='bbox 1396 143 1425 184; x_wconf 88' lang='lat'><em>1)</em></span> 
     </span>
    </p>
   </div>
   <div class='ocr_carea' id='block_1_2' title="bbox 100 248 1907 1585">
    <p class='ocr_par' dir='ltr' id='par_1_2' title="bbox 100 248 1907 1585">
     <span class='ocr_line' id='line_1_2' title="bbox 185 248 1836 309; baseline -0.001 -15"><span class='ocrx_word' id='word_1_11' title='bbox 185 253 504 307; x_wconf 72' lang='grc' dir='ltr'><em>τεταραγμένην</em></span> <span class='ocrx_word' id='word_1_12' title='bbox 544 249 819 307; x_wconf 75' lang='grc' dir='ltr'><em>συνετήκετο,</em></span> <span class='ocrx_word' id='word_1_13' title='bbox 858 251 983 304; x_wconf 85' lang='grc' dir='ltr'><em>μέχρι</em></span> <span class='ocrx_word' id='word_1_14' title='bbox 1017 252 1103 291; x_wconf 80' lang='grc' dir='ltr'><em>τῶν</em></span> <span class='ocrx_word' id='word_1_15' title='bbox 1135 252 1393 308; x_wconf 71' lang='grc' dir='ltr'><em>σπλάγχνων</em></span> <span class='ocrx_word' id='word_1_16' title='bbox 1423 248 1504 294; x_wconf 59' lang='grc' dir='ltr'><em>ὑπ)</em></span> <span class='ocrx_word' id='word_1_17' title='bbox 1541 248 1730 307; x_wconf 73' lang='grc' dir='ltr'><em>ἀκράτου</em></span> <span class='ocrx_word' id='word_1_18' title='bbox 1759 254 1836 309; x_wconf 79' lang='grc' dir='ltr'><em>τῆς</em></span> 
     </span>
     <span class='ocr_line' id='line_1_3' title="bbox 102 312 1836 376; baseline 0.002 -18"><span class='ocrx_word' id='word_1_19' title='bbox 102 322 153 362; x_wconf 83' lang='grc'><em>82</em></span> <span class='ocrx_word' id='word_1_20' title='bbox 185 320 325 376; x_wconf 76' lang='grc' dir='ltr'><em>λύπης</em></span> <span class='ocrx_word' id='word_1_21' title='bbox 364 319 736 372; x_wconf 78' lang='grc' dir='ltr'><em>σπαραττομένων</em></span> <span class='ocrx_word' id='word_1_22' title='bbox 776 313 945 370; x_wconf 75' lang='grc' dir='ltr'><em>ἄθρουν</em></span> <span class='ocrx_word' id='word_1_23' title='bbox 977 315 1086 370; x_wconf 79' lang='grc' dir='ltr'><em>αἷμα</em></span> <span class='ocrx_word' id='word_1_24' title='bbox 1118 312 1365 372; x_wconf 78' lang='grc' dir='ltr'><em>ἀναβάλλει.</em></span> <span class='ocrx_word' id='word_1_25' title='bbox 1420 319 1547 362; x_wconf 79' lang='grc' dir='ltr'><em>τοῦτο’</em></span> <span class='ocrx_word' id='word_1_26' title='bbox 1578 335 1646 369; x_wconf 90' lang='grc' dir='ltr'><em>τις</em></span> <span class='ocrx_word' id='word_1_27' title='bbox 1675 321 1761 361; x_wconf 78' lang='grc' dir='ltr'><em>τῶν</em></span> <span class='ocrx_word' id='word_1_28' title='bbox 1792 318 1836 362; x_wconf 78' lang='grc' dir='ltr'><em>ἐν</em></span> 
     </span>
     <span class='ocr_line' id='line_1_4' title="bbox 183 382 1830 444; baseline 0.001 -18"><span class='ocrx_word' id='word_1_29' title='bbox 183 390 236 443; x_wconf 74' lang='grc' dir='ltr'><em>τῇ</em></span> <span class='ocrx_word' id='word_1_30' title='bbox 275 388 502 440; x_wconf 76' lang='grc' dir='ltr'><em>θεραπείᾳ</em></span> <span class='ocrx_word' id='word_1_31' title='bbox 541 383 716 426; x_wconf 89' lang='grc' dir='ltr'><em>παίδων</em></span> <span class='ocrx_word' id='word_1_32' title='bbox 753 382 946 439; x_wconf 75' lang='grc' dir='ltr'><em>ἐκφέρων</em></span> <span class='ocrx_word' id='word_1_33' title='bbox 979 383 1193 440; x_wconf 80' lang='grc' dir='ltr'><em>δαιμονίῳ</em></span> <span class='ocrx_word' id='word_1_34' title='bbox 1224 392 1414 444; x_wconf 75' lang='grc' dir='ltr'><em>προνοίᾳ</em></span> <span class='ocrx_word' id='word_1_35' title='bbox 1445 386 1693 444; x_wconf 79' lang='grc' dir='ltr'><em>σφάλλεται</em></span> <span class='ocrx_word' id='word_1_36' title='bbox 1722 382 1830 428; x_wconf 55' lang='grc' dir='ltr'><em>καθ)</em></span> 
     </span>
     <span class='ocr_line' id='line_1_5' title="bbox 183 447 1837 507; baseline 0 -11"><span class='ocrx_word' id='word_1_37' title='bbox 183 454 233 496; x_wconf 82' lang='grc' dir='ltr'><em>ὂν</em></span> <span class='ocrx_word' id='word_1_38' title='bbox 271 452 412 495; x_wconf 86' lang='grc' dir='ltr'><em>τόπον</em></span> <span class='ocrx_word' id='word_1_39' title='bbox 437 447 689 506; x_wconf 77' lang='grc' dir='ltr'><em>Ἀντίγονος</em></span> <span class='ocrx_word' id='word_1_40' title='bbox 729 450 921 507; x_wconf 72' lang='grc' dir='ltr'><em>’έσφακτο</em></span> <span class='ocrx_word' id='word_1_41' title='bbox 959 452 1030 493; x_wconf 82' lang='grc' dir='ltr'><em>καὶ</em></span> <span class='ocrx_word' id='word_1_42' title='bbox 1072 456 1356 507; x_wconf 81' lang='grc' dir='ltr'><em>φαινομένοις</em></span> <span class='ocrx_word' id='word_1_43' title='bbox 1394 454 1459 497; x_wconf 71' lang='grc' dir='ltr'><em>ἔτι</em></span> <span class='ocrx_word' id='word_1_44' title='bbox 1496 463 1589 504; x_wconf 89' lang='grc' dir='ltr'><em>τοῖς</em></span> <span class='ocrx_word' id='word_1_45' title='bbox 1630 450 1719 497; x_wconf 70' lang='grc' dir='ltr'><em>ἀπὸ</em></span> <span class='ocrx_word' id='word_1_46' title='bbox 1759 455 1837 496; x_wconf 85' lang='grc' dir='ltr'><em>τοῦ</em></span> 
     </span>
     <span class='ocr_line' id='line_1_6' title="bbox 184 516 1886 579; baseline -0.001 -16"><span class='ocrx_word' id='word_1_47' title='bbox 184 520 323 577; x_wconf 79' lang='grc' dir='ltr'><em>φόνου</em></span> <span class='ocrx_word' id='word_1_48' title='bbox 364 520 544 568; x_wconf 81' lang='grc' dir='ltr'><em>σπίλοις</em></span> <span class='ocrx_word' id='word_1_49' title='bbox 579 517 629 561; x_wconf 82' lang='grc' dir='ltr'><em>τὸ</em></span> <span class='ocrx_word' id='word_1_50' title='bbox 673 518 782 572; x_wconf 83' lang='grc' dir='ltr'><em>αἷμα</em></span> <span class='ocrx_word' id='word_1_51' title='bbox 821 520 899 560; x_wconf 83' lang='grc' dir='ltr'><em>τοῦ</em></span> <span class='ocrx_word' id='word_1_52' title='bbox 937 522 1186 568; x_wconf 81' lang='grc' dir='ltr'><em>κτείναντος</em></span> <span class='ocrx_word' id='word_1_53' title='bbox 1224 519 1410 574; x_wconf 73' lang='grc' dir='ltr'><em>ἐπέχεεν.</em></span> <span class='ocrx_word' id='word_1_54' title='bbox 1468 519 1585 579; x_wconf 77' lang='grc' dir='ltr'><em>ἤρθη</em></span> <span class='ocrx_word' id='word_1_55' title='bbox 1628 517 1669 563; x_wconf 80' lang='grc' dir='ltr'><em>δ’</em></span> <span class='ocrx_word' id='word_1_56' title='bbox 1706 516 1839 570; x_wconf 70' lang='grc' dir='ltr'><em>εὐθὺς</em></span> <span class='ocrx_word' id='word_1_57' title='bbox 1868 530 1886 561; x_wconf 84' lang='grc'>5</span> 
     </span>
     <span class='ocr_line' id='line_1_7' title="bbox 184 584 1838 642; baseline -0.001 -11"><span class='ocrx_word' id='word_1_58' title='bbox 184 586 349 642; x_wconf 78' lang='grc' dir='ltr'><em>οἰμωγὴ</em></span> <span class='ocrx_word' id='word_1_59' title='bbox 372 588 458 628; x_wconf 85' lang='grc' dir='ltr'><em>τῶν</em></span> <span class='ocrx_word' id='word_1_60' title='bbox 478 589 769 639; x_wconf 77' lang='grc' dir='ltr'><em>θεασαμένων</em></span> <span class='ocrx_word' id='word_1_61' title='bbox 792 584 943 641; x_wconf 77' lang='grc' dir='ltr'><em>ὥσπερ</em></span> <span class='ocrx_word' id='word_1_62' title='bbox 975 584 1179 642; x_wconf 73' lang='grc' dir='ltr'><em>ἐπίτηδες</em></span> <span class='ocrx_word' id='word_1_63' title='bbox 1209 590 1287 629; x_wconf 84' lang='grc' dir='ltr'><em>τοῦ</em></span> <span class='ocrx_word' id='word_1_64' title='bbox 1316 587 1480 638; x_wconf 81' lang='grc' dir='ltr'><em>παιδὸς</em></span> <span class='ocrx_word' id='word_1_65' title='bbox 1510 588 1597 632; x_wconf 73' lang='grc' dir='ltr'><em>ἐκεῖ</em></span> <span class='ocrx_word' id='word_1_66' title='bbox 1627 589 1838 631; x_wconf 76' lang='grc' dir='ltr'><em>ἐπικατα-</em></span> 
     </span>
     <span class='ocr_line' id='line_1_8' title="bbox 102 649 1838 712; baseline 0 -14"><span class='ocrx_word' id='word_1_67' title='bbox 102 657 155 698; x_wconf 84' lang='grc'><em>83</em></span> <span class='ocrx_word' id='word_1_68' title='bbox 187 658 454 704; x_wconf 87' lang='grc' dir='ltr'><em>σπείσαντος</em></span> <span class='ocrx_word' id='word_1_69' title='bbox 491 652 540 697; x_wconf 83' lang='grc' dir='ltr'><em>τὸ</em></span> <span class='ocrx_word' id='word_1_70' title='bbox 583 653 705 707; x_wconf 81' lang='grc' dir='ltr'><em>αἷμα.</em></span> <span class='ocrx_word' id='word_1_71' title='bbox 755 655 833 709; x_wconf 80' lang='grc' dir='ltr'><em>τῆς</em></span> <span class='ocrx_word' id='word_1_72' title='bbox 864 652 911 694; x_wconf 79' lang='grc' dir='ltr'><em>δὲ</em></span> <span class='ocrx_word' id='word_1_73' title='bbox 938 655 1046 710; x_wconf 84' lang='grc' dir='ltr'><em>βοῆς</em></span> <span class='ocrx_word' id='word_1_74' title='bbox 1078 649 1266 703; x_wconf 73' lang='grc' dir='ltr'><em>ἀκούσας</em></span> <span class='ocrx_word' id='word_1_75' title='bbox 1296 652 1317 697; x_wconf 85' lang='grc' dir='ltr'>ὁ</span> <span class='ocrx_word' id='word_1_76' title='bbox 1348 655 1554 709; x_wconf 78' lang='grc' dir='ltr'><em>βασιλεὺς</em></span> <span class='ocrx_word' id='word_1_77' title='bbox 1584 655 1660 712; x_wconf 78' lang='grc' dir='ltr'><em>τὴν</em></span> <span class='ocrx_word' id='word_1_78' title='bbox 1693 655 1838 698; x_wconf 80' lang='grc' dir='ltr'><em>αἰτίαν</em></span> 
     </span>
     <span class='ocr_line' id='line_1_9' title="bbox 186 719 1837 777; baseline 0.001 -13"><span class='ocrx_word' id='word_1_79' title='bbox 186 720 461 765; x_wconf 72' lang='grc' dir='ltr'><em>ἐπυνθάνετο</em></span> <span class='ocrx_word' id='word_1_80' title='bbox 491 722 563 764; x_wconf 86' lang='grc' dir='ltr'><em>καὶ</em></span> <span class='ocrx_word' id='word_1_81' title='bbox 593 719 779 777; x_wconf 85' lang='grc' dir='ltr'><em>μηδενὸς</em></span> <span class='ocrx_word' id='word_1_82' title='bbox 807 720 1058 774; x_wconf 75' lang='grc' dir='ltr'><em>τολμῶντος</em></span> <span class='ocrx_word' id='word_1_83' title='bbox 1089 720 1231 764; x_wconf 82' lang='grc' dir='ltr'><em>εἰπεῖν</em></span> <span class='ocrx_word' id='word_1_84' title='bbox 1262 723 1429 775; x_wconf 82' lang='grc' dir='ltr'><em>μᾶλλον</em></span> <span class='ocrx_word' id='word_1_85' title='bbox 1460 721 1642 766; x_wconf 74' lang='grc' dir='ltr'><em>ἐνέκειτο</em></span> <span class='ocrx_word' id='word_1_86' title='bbox 1673 726 1837 777; x_wconf 87' lang='grc' dir='ltr'><em>μαθεῖν</em></span> 
     </span>
     <span class='ocr_line' id='line_1_10' title="bbox 187 785 1839 845; baseline -0.001 -13"><span class='ocrx_word' id='word_1_87' title='bbox 187 789 379 832; x_wconf 70' lang='grc' dir='ltr'><em>ἐθέλων·</em></span> <span class='ocrx_word' id='word_1_88' title='bbox 419 789 543 837; x_wconf 91' lang='grc' dir='ltr'><em>τέλος</em></span> <span class='ocrx_word' id='word_1_89' title='bbox 573 788 619 830; x_wconf 80' lang='grc' dir='ltr'><em>δὲ</em></span> <span class='ocrx_word' id='word_1_90' title='bbox 652 785 907 830; x_wconf 76' lang='grc' dir='ltr'><em>ἀπειλοῦντι</em></span> <span class='ocrx_word' id='word_1_91' title='bbox 937 789 1010 830; x_wconf 87' lang='grc' dir='ltr'><em>καὶ</em></span> <span class='ocrx_word' id='word_1_92' title='bbox 1040 787 1285 844; x_wconf 75' lang='grc' dir='ltr'><em>βιαζομένῳ</em></span> <span class='ocrx_word' id='word_1_93' title='bbox 1315 785 1509 845; x_wconf 77' lang='grc' dir='ltr'><em>τάληθὲς</em></span> <span class='ocrx_word' id='word_1_94' title='bbox 1539 787 1678 832; x_wconf 82' lang='grc' dir='ltr'><em>εἶπον.</em></span> <span class='ocrx_word' id='word_1_95' title='bbox 1736 787 1757 832; x_wconf 78' lang='grc' dir='ltr'>ὁ</span> <span class='ocrx_word' id='word_1_96' title='bbox 1793 790 1839 831; x_wconf 83' lang='grc' dir='ltr'><em>δὲ</em></span> 
     </span>
     <span class='ocr_line' id='line_1_11' title="bbox 183 847 1907 913; baseline -0.001 -15"><span class='ocrx_word' id='word_1_97' title='bbox 183 856 286 906; x_wconf 65' lang='grc' dir='ltr'><em>τοῖς</em></span> <span class='ocrx_word' id='word_1_98' title='bbox 325 851 590 913; x_wconf 71' lang='grc' dir='ltr'><em>ὀφθαλμοὺς</em></span> <span class='ocrx_word' id='word_1_99' title='bbox 629 855 879 912; x_wconf 75' lang='grc' dir='ltr'><em>ἐμπίπλησι</em></span> <span class='ocrx_word' id='word_1_100' title='bbox 916 855 1113 909; x_wconf 75' lang='grc' dir='ltr'><em>δακρύων</em></span> <span class='ocrx_word' id='word_1_101' title='bbox 1150 858 1221 898; x_wconf 79' lang='grc' dir='ltr'><em>καὶ</em></span> <span class='ocrx_word' id='word_1_102' title='bbox 1263 856 1472 906; x_wconf 78' lang='grc' dir='ltr'><em>στενάξας</em></span> <span class='ocrx_word' id='word_1_103' title='bbox 1506 851 1609 899; x_wconf 72' lang='grc' dir='ltr'><em>ὅσον</em></span> <span class='ocrx_word' id='word_1_104' title='bbox 1640 847 1691 911; x_wconf 73' lang='grc' dir='ltr'><em>ἧν</em></span> <span class='ocrx_word' id='word_1_105' title='bbox 1722 853 1841 912; x_wconf 71' lang='grc' dir='ltr'><em>αὐτῷ</em></span> <span class='ocrx_word' id='word_1_106' title='bbox 1871 865 1907 898; x_wconf 84' lang='grc'><strong>10</strong></span> 
     </span>
     <span class='ocr_line' id='line_1_12' title="bbox 104 918 1839 979; baseline 0 -13"><span class='ocrx_word' id='word_1_107' title='bbox 104 926 156 966; x_wconf 87' lang='grc'><em>84</em></span> <span class='ocrx_word' id='word_1_108' title='bbox 189 923 371 977; x_wconf 83' lang='grc' dir='ltr'><em>δύναμις</em></span> <span class='ocrx_word' id='word_1_109' title='bbox 393 921 534 966; x_wconf 80' lang='grc' dir='ltr'><em>εἶπεν·</em></span> <span class='ocrx_word' id='word_1_110' title='bbox 564 918 669 975; x_wconf 56' lang='lat' dir='ltr'><em>„ofin</em></span> <span class='ocrx_word' id='word_1_111' title='bbox 701 920 785 977; x_wconf 73' lang='grc' dir='ltr'><em>ἄρα</em></span> <span class='ocrx_word' id='word_1_112' title='bbox 815 924 925 964; x_wconf 80' lang='grc' dir='ltr'><em>θεοῦ</em></span> <span class='ocrx_word' id='word_1_113' title='bbox 955 926 1092 976; x_wconf 81' lang='grc' dir='ltr'><em>μέγαν</em></span> <span class='ocrx_word' id='word_1_114' title='bbox 1123 919 1364 977; x_wconf 79' lang='grc' dir='ltr'><em>ὀφθαλμὸν</em></span> <span class='ocrx_word' id='word_1_115' title='bbox 1396 919 1466 965; x_wconf 68' lang='grc' dir='ltr'><em>ἐπ’</em></span> <span class='ocrx_word' id='word_1_116' title='bbox 1503 923 1644 979; x_wconf 73' lang='grc' dir='ltr'><em>ἐ’ργοις</em></span> <span class='ocrx_word' id='word_1_117' title='bbox 1676 919 1839 977; x_wconf 77' lang='grc' dir='ltr'><em>ἀθεμί-</em></span> 
     </span>
     <span class='ocr_line' id='line_1_13' title="bbox 182 985 1839 1047; baseline -0.001 -13"><span class='ocrx_word' id='word_1_118' title='bbox 182 1007 277 1041; x_wconf 88' lang='grc' dir='ltr'><em>τοις</em></span> <span class='ocrx_word' id='word_1_119' title='bbox 298 990 446 1047; x_wconf 85' lang='grc' dir='ltr'><em>λήσειν</em></span> <span class='ocrx_word' id='word_1_120' title='bbox 468 990 660 1043; x_wconf 72' lang='grc' dir='ltr'><em>ἕμελλον,</em></span> <span class='ocrx_word' id='word_1_121' title='bbox 694 985 803 1031; x_wconf 79' lang='grc' dir='ltr'><em>ἆλλά</em></span> <span class='ocrx_word' id='word_1_122' title='bbox 833 1006 887 1043; x_wconf 88' lang='grc' dir='ltr'><em>με</em></span> <span class='ocrx_word' id='word_1_123' title='bbox 917 999 1069 1044; x_wconf 83' lang='grc' dir='ltr'><em>ταχεῖα</em></span> <span class='ocrx_word' id='word_1_124' title='bbox 1099 993 1270 1044; x_wconf 87' lang='grc' dir='ltr'><em>μέτεισι</em></span> <span class='ocrx_word' id='word_1_125' title='bbox 1302 991 1396 1047; x_wconf 88' lang='grc' dir='ltr'><em>δίκη</em></span> <span class='ocrx_word' id='word_1_126' title='bbox 1429 990 1568 1047; x_wconf 81' lang='grc' dir='ltr'><em>φόνου</em></span> <span class='ocrx_word' id='word_1_127' title='bbox 1599 992 1839 1046; x_wconf 81' lang='grc' dir='ltr'><em>συγγενοῦς.</em></span> 
     </span>
     <span class='ocr_line' id='line_1_14' title="bbox 183 1053 1840 1115; baseline 0 -15"><span class='ocrx_word' id='word_1_128' title='bbox 183 1061 309 1113; x_wconf 85' lang='grc' dir='ltr'><em>μέχρι</em></span> <span class='ocrx_word' id='word_1_129' title='bbox 328 1060 406 1100; x_wconf 82' lang='grc' dir='ltr'><em>τοῦ</em></span> <span class='ocrx_word' id='word_1_130' title='bbox 425 1074 514 1112; x_wconf 78' lang='grc' dir='ltr'><em>μοι,</em></span> <span class='ocrx_word' id='word_1_131' title='bbox 546 1060 672 1111; x_wconf 79' lang='grc' dir='ltr'><em>σῶμα</em></span> <span class='ocrx_word' id='word_1_132' title='bbox 695 1053 1020 1110; x_wconf 77' lang='grc' dir='ltr'><em>ἀναιδέστατον,</em></span> <span class='ocrx_word' id='word_1_133' title='bbox 1043 1056 1119 1115; x_wconf 83' lang='grc' dir='ltr'><em>τὴν</em></span> <span class='ocrx_word' id='word_1_134' title='bbox 1141 1053 1320 1115; x_wconf 71' lang='grc' dir='ltr'><em>ἀδελφῷ</em></span> <span class='ocrx_word' id='word_1_135' title='bbox 1340 1060 1410 1101; x_wconf 84' lang='grc' dir='ltr'><em>καὶ</em></span> <span class='ocrx_word' id='word_1_136' title='bbox 1433 1059 1564 1114; x_wconf 87' lang='grc' dir='ltr'><em>μητρὶ</em></span> <span class='ocrx_word' id='word_1_137' title='bbox 1584 1057 1840 1113; x_wconf 88' lang='grc' dir='ltr'><em>κατάκριτον</em></span> 
     </span>
     <span class='ocr_line' id='line_1_15' title="bbox 184 1120 1840 1181; baseline -0.001 -13"><span class='ocrx_word' id='word_1_138' title='bbox 184 1124 328 1181; x_wconf 81' lang='grc' dir='ltr'><em>ψυχὴν</em></span> <span class='ocrx_word' id='word_1_139' title='bbox 347 1124 573 1178; x_wconf 69' lang='grc' dir='ltr'><em>καθέξειςς</em></span> <span class='ocrx_word' id='word_1_140' title='bbox 602 1128 726 1179; x_wconf 89' lang='grc' dir='ltr'><em>μέχρι</em></span> <span class='ocrx_word' id='word_1_141' title='bbox 746 1127 822 1167; x_wconf 78' lang='grc' dir='ltr'><em>τοῦ</em></span> <span class='ocrx_word' id='word_1_142' title='bbox 845 1120 886 1166; x_wconf 74' lang='grc' dir='ltr'><em>δ’</em></span> <span class='ocrx_word' id='word_1_143' title='bbox 914 1121 1065 1175; x_wconf 70' lang='grc' dir='ltr'><em>αὐτοῖς</em></span> <span class='ocrx_word' id='word_1_144' title='bbox 1095 1124 1347 1168; x_wconf 71' lang='grc' dir='ltr'><em>ἐπισπείσω</em></span> <span class='ocrx_word' id='word_1_145' title='bbox 1378 1124 1486 1167; x_wconf 81' lang='grc' dir='ltr'><em>κατὰ</em></span> <span class='ocrx_word' id='word_1_146' title='bbox 1517 1128 1648 1179; x_wconf 89' lang='grc' dir='ltr'><em>μέρος</em></span> <span class='ocrx_word' id='word_1_147' title='bbox 1677 1120 1840 1179; x_wconf 74' lang='grc' dir='ltr'><em>τούμὸν</em></span> 
     </span>
     <span class='ocr_line' id='line_1_16' title="bbox 185 1188 1906 1250; baseline -0.001 -15"><span class='ocrx_word' id='word_1_148' title='bbox 185 1193 319 1247; x_wconf 80' lang='grc' dir='ltr'><em>αἶμα;</em></span> <span class='ocrx_word' id='word_1_149' title='bbox 364 1194 617 1247; x_wconf 78' lang='grc' dir='ltr'><em>λαβέτωσαν</em></span> <span class='ocrx_word' id='word_1_150' title='bbox 663 1188 833 1247; x_wconf 77' lang='grc' dir='ltr'><em>ἀθρόον</em></span> <span class='ocrx_word' id='word_1_151' title='bbox 877 1195 1027 1244; x_wconf 82' lang='grc' dir='ltr'><em>τοῦτο,</em></span> <span class='ocrx_word' id='word_1_152' title='bbox 1074 1195 1144 1236; x_wconf 84' lang='grc' dir='ltr'><em>καὶ</em></span> <span class='ocrx_word' id='word_1_153' title='bbox 1189 1196 1341 1250; x_wconf 83' lang='grc' dir='ltr'><em>μηκέτι</em></span> <span class='ocrx_word' id='word_1_154' title='bbox 1388 1201 1481 1242; x_wconf 88' lang='grc' dir='ltr'><em>ταῖς</em></span> <span class='ocrx_word' id='word_1_155' title='bbox 1521 1191 1564 1235; x_wconf 74' lang='grc' dir='ltr'><em>ἐκ</em></span> <span class='ocrx_word' id='word_1_156' title='bbox 1600 1195 1687 1235; x_wconf 75' lang='grc' dir='ltr'><em>τῶν</em></span> <span class='ocrx_word' id='word_1_157' title='bbox 1726 1191 1839 1246; x_wconf 72' lang='grc' dir='ltr'><em>ἐμῶν</em></span> <span class='ocrx_word' id='word_1_158' title='bbox 1870 1202 1906 1233; x_wconf 86' lang='grc'><strong>15</strong></span> 
     </span>
     <span class='ocr_line' id='line_1_17' title="bbox 186 1256 1840 1315; baseline -0.001 -13"><span class='ocrx_word' id='word_1_159' title='bbox 186 1259 444 1315; x_wconf 80' lang='grc' dir='ltr'><em>σπλάγχνων</em></span> <span class='ocrx_word' id='word_1_160' title='bbox 457 1267 582 1312; x_wconf 88' lang='grc' dir='ltr'><em>χοαῖς</em></span> <span class='ocrx_word' id='word_1_161' title='bbox 599 1258 962 1315; x_wconf 74' lang='grc' dir='ltr'><em>ἐπειρωνευέσθω</em></span> <span class='ocrx_word' id='word_1_162' title='bbox 980 1259 1028 1302; x_wconf 85' lang='grc' dir='ltr'><em>τὸ</em></span> <span class='ocrx_word' id='word_1_163' title='bbox 1049 1260 1321 1314; x_wconf 78' lang='grc' dir='ltr'><em>δαιμόνιον.“</em></span> <span class='ocrx_word' id='word_1_164' title='bbox 1361 1262 1498 1302; x_wconf 78' lang='grc' dir='ltr'><em>ταῦτα</em></span> <span class='ocrx_word' id='word_1_165' title='bbox 1515 1259 1654 1302; x_wconf 69' lang='grc' dir='ltr'><em>εἰπών</em></span> <span class='ocrx_word' id='word_1_166' title='bbox 1672 1256 1840 1309; x_wconf 69' lang='grc' dir='ltr'><em>εὐθέως</em></span> 
     </span>
     <span class='ocr_line' id='line_1_18' title="bbox 187 1322 1168 1383; baseline -0.001 -14"><span class='ocrx_word' id='word_1_167' title='bbox 187 1329 366 1383; x_wconf 74' lang='grc' dir='ltr'><em>τελευτᾷ</em></span> <span class='ocrx_word' id='word_1_168' title='bbox 394 1326 660 1381; x_wconf 81' lang='grc' dir='ltr'><em>βασιλεύσας</em></span> <span class='ocrx_word' id='word_1_169' title='bbox 691 1322 739 1369; x_wconf 75' lang='grc' dir='ltr'><em>οὗ</em></span> <span class='ocrx_word' id='word_1_170' title='bbox 771 1328 926 1369; x_wconf 85' lang='grc' dir='ltr'><em>πλεῖον</em></span> <span class='ocrx_word' id='word_1_171' title='bbox 957 1326 1168 1370; x_wconf 76' lang='grc' dir='ltr'><em>ἐνιαυτοῦ.</em></span> 
     </span>
     <span class='ocr_line' id='line_1_19' title="bbox 100 1389 1842 1451; baseline -0.001 -14"><span class='ocrx_word' id='word_1_172' title='bbox 100 1397 154 1438; x_wconf 82' lang='lat'><em>85</em></span> <span class='ocrx_word' id='word_1_173' title='bbox 297 1395 367 1437; x_wconf 90' lang='lat' dir='ltr'><em>IV.</em></span> <span class='ocrx_word' id='word_1_174' title='bbox 402 1399 437 1436; x_wconf 93' lang='lat'><em>1.</em></span> <span class='ocrx_word' id='word_1_175' title='bbox 468 1394 663 1437; x_wconf 78' lang='grc' dir='ltr'><em>Λύσασα</em></span> <span class='ocrx_word' id='word_1_176' title='bbox 694 1389 735 1436; x_wconf 68' lang='grc' dir='ltr'><em>δ’</em></span> <span class='ocrx_word' id='word_1_177' title='bbox 761 1392 783 1448; x_wconf 82' lang='grc' dir='ltr'>ἡ</span> <span class='ocrx_word' id='word_1_178' title='bbox 815 1393 917 1450; x_wconf 81' lang='grc' dir='ltr'><em>γυνὴ</em></span> <span class='ocrx_word' id='word_1_179' title='bbox 949 1394 1051 1445; x_wconf 74' lang='grc' dir='ltr'><em>τοὺς</em></span> <span class='ocrx_word' id='word_1_180' title='bbox 1083 1390 1301 1451; x_wconf 74' lang='grc' dir='ltr'><em>ἀδελφοὺς</em></span> <span class='ocrx_word' id='word_1_181' title='bbox 1333 1391 1463 1438; x_wconf 74' lang='grc' dir='ltr'><em>αὐτοῦ</em></span> <span class='ocrx_word' id='word_1_182' title='bbox 1492 1395 1678 1449; x_wconf 90' lang='grc' dir='ltr'><em>βασιλέα</em></span> <span class='ocrx_word' id='word_1_183' title='bbox 1706 1394 1842 1436; x_wconf 85' lang='grc' dir='ltr'><em>καθί-</em></span> 
     </span>
     <span class='ocr_line' id='line_1_20' title="bbox 186 1457 1841 1519; baseline -0.001 -16"><span class='ocrx_word' id='word_1_184' title='bbox 186 1477 338 1518; x_wconf 86' lang='grc' dir='ltr'><em>στησιν</em></span> <span class='ocrx_word' id='word_1_185' title='bbox 364 1458 663 1516; x_wconf 62' lang='grc' dir='ltr'><em>”Αλέξανδρον</em></span> <span class='ocrx_word' id='word_1_186' title='bbox 694 1461 770 1504; x_wconf 81' lang='grc' dir='ltr'><em>τὸν</em></span> <span class='ocrx_word' id='word_1_187' title='bbox 801 1463 873 1504; x_wconf 84' lang='grc' dir='ltr'><em>καὶ</em></span> <span class='ocrx_word' id='word_1_188' title='bbox 902 1457 1009 1504; x_wconf 57' lang='grc' dir='ltr'><em>καθ3</em></span> <span class='ocrx_word' id='word_1_189' title='bbox 1046 1460 1218 1519; x_wconf 84' lang='grc' dir='ltr'><em>ἡλικίαν</em></span> <span class='ocrx_word' id='word_1_190' title='bbox 1248 1464 1319 1505; x_wconf 81' lang='grc' dir='ltr'><em>καὶ</em></span> <span class='ocrx_word' id='word_1_191' title='bbox 1351 1462 1604 1518; x_wconf 84' lang='grc' dir='ltr'><em>μετριότητι</em></span> <span class='ocrx_word' id='word_1_192' title='bbox 1633 1460 1841 1516; x_wconf 81' lang='grc' dir='ltr'><em>προύχειν</em></span> 
     </span>
     <span class='ocr_line' id='line_1_21' title="bbox 187 1527 1907 1585; baseline -0.001 -14"><span class='ocrx_word' id='word_1_193' title='bbox 187 1529 411 1571; x_wconf 77' lang='grc' dir='ltr'><em>δοκοῦντα.</em></span> <span class='ocrx_word' id='word_1_194' title='bbox 472 1527 493 1571; x_wconf 87' lang='grc' dir='ltr'><em>ὁ</em></span> <span class='ocrx_word' id='word_1_195' title='bbox 537 1529 581 1571; x_wconf 79' lang='grc' dir='ltr'><em>δὲ</em></span> <span class='ocrx_word' id='word_1_196' title='bbox 622 1527 863 1584; x_wconf 77' lang='grc' dir='ltr'><em>παρελθών</em></span> <span class='ocrx_word' id='word_1_197' title='bbox 901 1529 964 1579; x_wconf 84' lang='grc' dir='ltr'><em>εἰς</em></span> <span class='ocrx_word' id='word_1_198' title='bbox 1002 1528 1080 1585; x_wconf 78' lang='grc' dir='ltr'><em>τὴν</em></span> <span class='ocrx_word' id='word_1_199' title='bbox 1120 1528 1321 1579; x_wconf 75' lang='grc' dir='ltr'><em>ἐξουσίαν</em></span> <span class='ocrx_word' id='word_1_200' title='bbox 1359 1529 1436 1571; x_wconf 81' lang='grc' dir='ltr'><em>τὸν</em></span> <span class='ocrx_word' id='word_1_201' title='bbox 1467 1528 1614 1584; x_wconf 71' lang='grc' dir='ltr'><em>ἕτερον</em></span> <span class='ocrx_word' id='word_1_202' title='bbox 1644 1529 1722 1583; x_wconf 78' lang='grc' dir='ltr'><em>μὲν</em></span> <span class='ocrx_word' id='word_1_203' title='bbox 1751 1530 1840 1570; x_wconf 79' lang='grc' dir='ltr'><em>τῶν</em></span> <span class='ocrx_word' id='word_1_204' title='bbox 1871 1538 1907 1569; x_wconf 83' lang='grc'><em>20</em></span> 
     </span>
    </p>
   </div>
   <div class='ocr_carea' id='block_1_3' title="bbox 201 1634 1003 1644">
    <p class='ocr_par' dir='ltr' id='par_1_3' title="bbox 201 1634 1003 1644">
     <span class='ocr_line' id='line_1_22' title="bbox 201 1634 1003 1644; baseline 0 0"><span class='ocrx_word' id='word_1_205' title='bbox 201 1634 1003 1644; x_wconf 95' lang='lat' dir='ltr'><em> </em></span> 
     </span>
    </p>
   </div>
   <div class='ocr_carea' id='block_1_4' title="bbox 1196 1637 1833 1643">
    <p class='ocr_par' dir='ltr' id='par_1_4' title="bbox 1196 1637 1833 1643">
     <span class='ocr_line' id='line_1_23' title="bbox 1196 1637 1833 1643; baseline 0 0"><span class='ocrx_word' id='word_1_206' title='bbox 1196 1637 1833 1643; x_wconf 95' lang='lat' dir='ltr'><em> </em></span> 
     </span>
    </p>
   </div>
   <div class='ocr_carea' id='block_1_5' title="bbox 300 1685 867 1727">
    <p class='ocr_par' dir='ltr' id='par_1_5' title="bbox 300 1685 867 1727">
     <span class='ocr_line' id='line_1_24' title="bbox 300 1685 867 1727; baseline 0 -8"><span class='ocrx_word' id='word_1_207' title='bbox 300 1685 321 1727; x_wconf 61' lang='grc' dir='ltr'>ξ</span> <span class='ocrx_word' id='word_1_208' title='bbox 347 1687 382 1719; x_wconf 82' lang='lat'><em>81</em></span> <span class='ocrx_word' id='word_1_209' title='bbox 406 1701 448 1712; x_wconf 89' lang='lat'>=</span> <span class='ocrx_word' id='word_1_210' title='bbox 466 1685 550 1718; x_wconf 72' lang='lat' dir='ltr'><strong>Ant.</strong></span> <span class='ocrx_word' id='word_1_211' title='bbox 575 1685 651 1719; x_wconf 78' lang='lat' dir='ltr'>Iud.</span> <span class='ocrx_word' id='word_1_212' title='bbox 679 1685 765 1719; x_wconf 82' lang='lat' dir='ltr'><em>xm</em></span> <span class='ocrx_word' id='word_1_213' title='bbox 790 1687 867 1719; x_wconf 81' lang='lat'>314.</span> 
     </span>
    </p>
   </div>
   <div class='ocr_carea' id='block_1_6' title="bbox 242 1767 1677 1781">
    <p class='ocr_par' dir='ltr' id='par_1_6' title="bbox 242 1767 1677 1781">
     <span class='ocr_line' id='line_1_25' title="bbox 242 1767 1677 1781; baseline 0 0"><span class='ocrx_word' id='word_1_214' title='bbox 242 1767 1677 1781; x_wconf 95' lang='lat' dir='ltr'><em> </em></span> 
     </span>
    </p>
   </div>
   <div class='ocr_carea' id='block_1_7' title="bbox 299 1828 1322 1876">
    <p class='ocr_par' dir='ltr' id='par_1_7' title="bbox 299 1828 1322 1876">
     <span class='ocr_line' id='line_1_26' title="bbox 299 1828 1322 1876; baseline 0.001 -13"><span class='ocrx_word' id='word_1_215' title='bbox 299 1828 828 1876; x_wconf 83' lang='lat' dir='ltr'>PAMLVNCLatHegesippus</span> <span class='ocrx_word' id='word_1_216' title='bbox 852 1831 869 1865; x_wconf 91' lang='grc' dir='ltr'>Ι</span> <span class='ocrx_word' id='word_1_217' title='bbox 895 1834 913 1865; x_wconf 82' lang='grc'>8</span> <span class='ocrx_word' id='word_1_218' title='bbox 938 1842 973 1875; x_wconf 90' lang='lat' dir='ltr'><em>p.</em></span> <span class='ocrx_word' id='word_1_219' title='bbox 1003 1834 1040 1865; x_wconf 89' lang='lat'><em>10</em></span> <span class='ocrx_word' id='word_1_220' title='bbox 1066 1830 1144 1864; x_wconf 85' lang='lat' dir='ltr'><em>Exc</em></span> <span class='ocrx_word' id='word_1_221' title='bbox 1168 1830 1322 1865; x_wconf 86' lang='lat' dir='ltr'>Peiresc.</span> 
     </span>
    </p>
   </div>
   <div class='ocr_carea' id='block_1_8' title="bbox 189 1882 1839 1988">
    <p class='ocr_par' dir='ltr' id='par_1_8' title="bbox 189 1882 1839 1988">
     <span class='ocr_line' id='line_1_27' title="bbox 302 1882 1711 1931; baseline 0 -11"><span class='ocrx_word' id='word_1_222' title='bbox 302 1889 316 1919; x_wconf 94' lang='lat'>1</span> <span class='ocrx_word' id='word_1_223' title='bbox 346 1882 548 1930; x_wconf 80' lang='grc' dir='ltr'><em>σπλάχνων</em></span> <span class='ocrx_word' id='word_1_224' title='bbox 572 1886 604 1918; x_wconf 91' lang='grc' dir='ltr'><strong>Α</strong></span> <span class='ocrx_word' id='word_1_225' title='bbox 733 1882 814 1928; x_wconf 73' lang='grc' dir='ltr'><em>ὑπ’]</em></span> <span class='ocrx_word' id='word_1_226' title='bbox 839 1887 964 1931; x_wconf 80' lang='lat' dir='ltr'>incipit</span> <span class='ocrx_word' id='word_1_227' title='bbox 985 1887 1110 1921; x_wconf 84' lang='lat' dir='ltr'>folium</span> <span class='ocrx_word' id='word_1_228' title='bbox 1135 1888 1154 1919; x_wconf 84' lang='lat'><strong>2</strong></span> <span class='ocrx_word' id='word_1_229' title='bbox 1179 1885 1218 1927; x_wconf 92' lang='lat' dir='ltr'><em>P,</em></span> <span class='ocrx_word' id='word_1_230' title='bbox 1244 1886 1324 1921; x_wconf 84' lang='lat' dir='ltr'>uide</span> <span class='ocrx_word' id='word_1_231' title='bbox 1349 1895 1458 1930; x_wconf 85' lang='lat' dir='ltr'>supra</span> <span class='ocrx_word' id='word_1_232' title='bbox 1482 1885 1528 1919; x_wconf 82' lang='lat' dir='ltr'><em>ad</em></span> <span class='ocrx_word' id='word_1_233' title='bbox 1551 1896 1586 1929; x_wconf 90' lang='lat' dir='ltr'><em>p.</em></span> <span class='ocrx_word' id='word_1_234' title='bbox 1613 1889 1644 1927; x_wconf 81' lang='lat'><em>5,</em></span> <span class='ocrx_word' id='word_1_235' title='bbox 1673 1888 1711 1920; x_wconf 76' lang='lat'><em>17</em></span> 
     </span>
     <span class='ocr_line' id='line_1_28' title="bbox 189 1938 1839 1988; baseline 0.001 -12"><span class='ocrx_word' id='word_1_236' title='bbox 189 1944 208 1975; x_wconf 85' lang='lat'><strong>2</strong></span> <span class='ocrx_word' id='word_1_237' title='bbox 234 1941 562 1986; x_wconf 80' lang='grc' dir='ltr'><em>σπαρασσομένων</em></span> <span class='ocrx_word' id='word_1_238' title='bbox 585 1941 619 1974; x_wconf 90' lang='lat' dir='ltr'>N</span> <span class='ocrx_word' id='word_1_239' title='bbox 755 1940 912 1986; x_wconf 73' lang='grc' dir='ltr'><em>ἄθρουν]</em></span> <span class='ocrx_word' id='word_1_240' title='bbox 946 1938 1091 1988; x_wconf 70' lang='grc' dir='ltr'><em>ἀθροῦν</em></span> <span class='ocrx_word' id='word_1_241' title='bbox 1121 1942 1157 1982; x_wconf 89' lang='lat' dir='ltr'><em>(i.</em></span> <span class='ocrx_word' id='word_1_242' title='bbox 1190 1951 1300 1984; x_wconf 86' lang='lat' dir='ltr'><strong>marg.</strong></span> <span class='ocrx_word' id='word_1_243' title='bbox 1331 1941 1496 1984; x_wconf 82' lang='lat' dir='ltr'>ascripsit</span> <span class='ocrx_word' id='word_1_244' title='bbox 1520 1939 1615 1977; x_wconf 76' lang='grc' dir='ltr'><em>πολὺ</em></span> <span class='ocrx_word' id='word_1_245' title='bbox 1640 1941 1686 1983; x_wconf 81' lang='lat' dir='ltr'><em>N)</em></span> <span class='ocrx_word' id='word_1_246' title='bbox 1710 1940 1774 1975; x_wconf 83' lang='grc' dir='ltr'><em>ΡΝ</em></span> <span class='ocrx_word' id='word_1_247' title='bbox 1798 1939 1839 1988; x_wconf 76' lang='grc' dir='ltr'><em>δὴ</em></span> 
     </span>
    </p>
   </div>
   <div class='ocr_carea' id='block_1_9' title="bbox 187 1993 1839 2156">
    <p class='ocr_par' dir='ltr' id='par_1_9' title="bbox 187 1993 1839 2156">
     <span class='ocr_line' id='line_1_29' title="bbox 187 1993 1839 2045; baseline 0 -13"><span class='ocrx_word' id='word_1_248' title='bbox 187 1994 220 2043; x_wconf 66' lang='grc' dir='ltr'><em>(ἡ</em></span> <span class='ocrx_word' id='word_1_249' title='bbox 254 2006 298 2031; x_wconf 81' lang='lat' dir='ltr'><em>ex</em></span> <span class='ocrx_word' id='word_1_250' title='bbox 327 1999 339 2031; x_wconf 85' lang='grc' dir='ltr'><em>ὶ</em></span> <span class='ocrx_word' id='word_1_251' title='bbox 375 2007 467 2031; x_wconf 89' lang='lat' dir='ltr'>corr.</span> <span class='ocrx_word' id='word_1_252' title='bbox 492 2007 536 2031; x_wconf 93' lang='lat' dir='ltr'><em>m.</em></span> <span class='ocrx_word' id='word_1_253' title='bbox 563 2000 596 2038; x_wconf 82' lang='lat'><em>2)</em></span> <span class='ocrx_word' id='word_1_254' title='bbox 629 1995 776 2043; x_wconf 73' lang='grc' dir='ltr'><em>ἄθρουν</em></span> <span class='ocrx_word' id='word_1_255' title='bbox 807 2002 912 2039; x_wconf 82' lang='lat' dir='ltr'>(corr.</span> <span class='ocrx_word' id='word_1_256' title='bbox 947 2008 989 2033; x_wconf 87' lang='lat' dir='ltr'><em>ex</em></span> <span class='ocrx_word' id='word_1_257' title='bbox 1023 1994 1182 2045; x_wconf 74' lang='grc' dir='ltr'><em>ιέθροῦν)</em></span> <span class='ocrx_word' id='word_1_258' title='bbox 1206 1997 1236 2031; x_wconf 90' lang='lat' dir='ltr'>L</span> <span class='ocrx_word' id='word_1_259' title='bbox 1266 1999 1328 2033; x_wconf 81' lang='grc' dir='ltr'><em>καὶ</em></span> <span class='ocrx_word' id='word_1_260' title='bbox 1363 1993 1458 2033; x_wconf 75' lang='grc' dir='ltr'><em>πολὺ</em></span> <span class='ocrx_word' id='word_1_261' title='bbox 1490 2000 1636 2041; x_wconf 72' lang='grc' dir='ltr'><em>αθροῦν</em></span> <span class='ocrx_word' id='word_1_262' title='bbox 1660 1997 1693 2031; x_wconf 91' lang='lat' dir='ltr'><strong>V</strong></span> <span class='ocrx_word' id='word_1_263' title='bbox 1722 1997 1839 2032; x_wconf 74' lang='lat' dir='ltr'><em>subito</em></span> 
     </span>
     <span class='ocr_line' id='line_1_30' title="bbox 187 2049 1839 2100; baseline 0.001 -13"><span class='ocrx_word' id='word_1_264' title='bbox 187 2053 256 2088; x_wconf 84' lang='lat' dir='ltr'><em>Lat</em></span> <span class='ocrx_word' id='word_1_265' title='bbox 372 2051 424 2093; x_wconf 80' lang='grc' dir='ltr'><em>ἐν]</em></span> <span class='ocrx_word' id='word_1_266' title='bbox 450 2049 554 2098; x_wconf 87' lang='grc' dir='ltr'><em>πρὸσ</em></span> <span class='ocrx_word' id='word_1_267' title='bbox 575 2053 782 2088; x_wconf 85' lang='lat' dir='ltr'>LVNCExc</span> <span class='ocrx_word' id='word_1_268' title='bbox 896 2057 916 2087; x_wconf 76' lang='lat'>4</span> <span class='ocrx_word' id='word_1_269' title='bbox 943 2051 962 2090; x_wconf 82' lang='grc' dir='ltr'><em>ὁ</em></span> <span class='ocrx_word' id='word_1_270' title='bbox 992 2050 1197 2100; x_wconf 79' lang='grc' dir='ltr'><em>α’ντίγονοσ</em></span> <span class='ocrx_word' id='word_1_271' title='bbox 1220 2053 1315 2087; x_wconf 88' lang='lat' dir='ltr'><em>LNC</em></span> <span class='ocrx_word' id='word_1_272' title='bbox 1423 2055 1498 2095; x_wconf 81' lang='grc' dir='ltr'><em>καὶ]</em></span> <span class='ocrx_word' id='word_1_273' title='bbox 1524 2063 1559 2087; x_wconf 89' lang='lat' dir='ltr'><em>u.</em></span> <span class='ocrx_word' id='word_1_274' title='bbox 1586 2056 1604 2086; x_wconf 82' lang='grc'><strong>3</strong></span> <span class='ocrx_word' id='word_1_275' title='bbox 1629 2056 1714 2087; x_wconf 83' lang='lat' dir='ltr'><em>ante</em></span> <span class='ocrx_word' id='word_1_276' title='bbox 1742 2053 1839 2089; x_wconf 74' lang='grc' dir='ltr'><em>καθ’</em></span> 
     </span>
     <span class='ocr_line' id='line_1_31' title="bbox 187 2107 1764 2156; baseline 0 -12"><span class='ocrx_word' id='word_1_277' title='bbox 187 2109 308 2154; x_wconf 83' lang='lat' dir='ltr'>posuit</span> <span class='ocrx_word' id='word_1_278' title='bbox 330 2108 401 2143; x_wconf 80' lang='lat' dir='ltr'><em>Lat</em></span> <span class='ocrx_word' id='word_1_279' title='bbox 482 2111 500 2141; x_wconf 83' lang='lat'>5</span> <span class='ocrx_word' id='word_1_280' title='bbox 525 2107 720 2154; x_wconf 78' lang='grc' dir='ltr'><em>ἐπεξέχεεν</em></span> <span class='ocrx_word' id='word_1_281' title='bbox 742 2109 837 2144; x_wconf 91' lang='lat' dir='ltr'><em>LNC</em></span> <span class='ocrx_word' id='word_1_282' title='bbox 861 2110 1079 2156; x_wconf 78' lang='grc' dir='ltr'><em>ἐπεξέχεσεν</em></span> <span class='ocrx_word' id='word_1_283' title='bbox 1102 2111 1134 2144; x_wconf 80' lang='lat' dir='ltr'><strong>V</strong></span> <span class='ocrx_word' id='word_1_284' title='bbox 1214 2111 1250 2146; x_wconf 57' lang='grc' dir='ltr'><em>δὲ</em></span> <span class='ocrx_word' id='word_1_285' title='bbox 1275 2109 1375 2144; x_wconf 88' lang='lat' dir='ltr'><em>LNV</em></span> <span class='ocrx_word' id='word_1_286' title='bbox 1456 2113 1476 2143; x_wconf 78' lang='grc'>6</span> <span class='ocrx_word' id='word_1_287' title='bbox 1500 2107 1579 2145; x_wconf 77' lang='grc' dir='ltr'><em>ἐκεῖ</em></span> <span class='ocrx_word' id='word_1_288' title='bbox 1604 2120 1670 2143; x_wconf 88' lang='lat' dir='ltr'><em>om.</em></span> <span class='ocrx_word' id='word_1_289' title='bbox 1694 2109 1764 2144; x_wconf 81' lang='lat' dir='ltr'><em>Lat</em></span> 
     </span>
    </p>
   </div>
   <div class='ocr_carea' id='block_1_10' title="bbox 188 2180 1840 2251">
    <p class='ocr_par' dir='ltr' id='par_1_10' title="bbox 188 2180 1840 2251">
     <span class='ocr_line' id='line_1_32' title="bbox 937 2180 1033 2202; baseline 0 -1"><span class='ocrx_word' id='word_1_290' title='bbox 937 2180 1033 2202; x_wconf 69' lang='grc' dir='ltr'><em>κατα</em></span> 
     </span>
     <span class='ocr_line' id='line_1_33' title="bbox 188 2209 1840 2251; baseline -0.001 -5"><span class='ocrx_word' id='word_1_291' title='bbox 188 2209 590 2251; x_wconf 78' lang='grc' dir='ltr'><em>ἐπικατασπείσαντος]</em></span> <span class='ocrx_word' id='word_1_292' title='bbox 626 2210 835 2244; x_wconf 80' lang='lat' dir='ltr'>PAMOExc</span> <span class='ocrx_word' id='word_1_293' title='bbox 874 2209 1169 2247; x_wconf 80' lang='grc' dir='ltr'><em>ἐπισπείσαντοσ</em></span> <span class='ocrx_word' id='word_1_294' title='bbox 1204 2211 1234 2244; x_wconf 91' lang='lat' dir='ltr'>L</span> <span class='ocrx_word' id='word_1_295' title='bbox 1273 2209 1569 2246; x_wconf 79' lang='grc' dir='ltr'><em>ἐπισπείσαντοσ</em></span> <span class='ocrx_word' id='word_1_296' title='bbox 1604 2209 1671 2244; x_wconf 89' lang='lat' dir='ltr'><em>VN</em></span> <span class='ocrx_word' id='word_1_297' title='bbox 1712 2209 1840 2245; x_wconf 78' lang='lat' dir='ltr'><em>libasse</em></span> 
     </span>
    </p>
   </div>
   <div class='ocr_carea' id='block_1_11' title="bbox 185 2262 1840 2914">
    <p class='ocr_par' dir='ltr' id='par_1_11' title="bbox 185 2262 1840 2534">
     <span class='ocr_line' id='line_1_34' title="bbox 189 2262 1840 2312; baseline 0.002 -13"><span class='ocrx_word' id='word_1_298' title='bbox 189 2266 259 2300; x_wconf 80' lang='lat' dir='ltr'><em>Lat</em></span> <span class='ocrx_word' id='word_1_299' title='bbox 328 2268 346 2299; x_wconf 87' lang='lat' dir='ltr'>S</span> <span class='ocrx_word' id='word_1_300' title='bbox 377 2264 547 2301; x_wconf 77' lang='grc' dir='ltr'><em>ἐπέκειτο</em></span> <span class='ocrx_word' id='word_1_301' title='bbox 574 2265 601 2299; x_wconf 94' lang='grc' dir='ltr'>Ρ</span> <span class='ocrx_word' id='word_1_302' title='bbox 631 2266 779 2300; x_wconf 75' lang='lat' dir='ltr'><em>ardebat</em></span> <span class='ocrx_word' id='word_1_303' title='bbox 802 2266 873 2300; x_wconf 83' lang='lat' dir='ltr'><em>Lat</em></span> <span class='ocrx_word' id='word_1_304' title='bbox 965 2270 984 2300; x_wconf 84' lang='lat'>9</span> <span class='ocrx_word' id='word_1_305' title='bbox 1009 2262 1043 2301; x_wconf 80' lang='grc' dir='ltr'><em>δ’</em></span> <span class='ocrx_word' id='word_1_306' title='bbox 1069 2267 1095 2301; x_wconf 89' lang='lat' dir='ltr'>C</span> <span class='ocrx_word' id='word_1_307' title='bbox 1187 2263 1390 2312; x_wconf 54' lang='lat' dir='ltr'><em>duonofim</em></span> <span class='ocrx_word' id='word_1_308' title='bbox 1415 2266 1463 2300; x_wconf 83' lang='lat' dir='ltr'><em>V¹</em></span> <span class='ocrx_word' id='word_1_309' title='bbox 1559 2269 1598 2299; x_wconf 89' lang='lat'><em>10</em></span> <span class='ocrx_word' id='word_1_310' title='bbox 1621 2262 1722 2308; x_wconf 82' lang='grc' dir='ltr'><em>τοὺς]</em></span> <span class='ocrx_word' id='word_1_311' title='bbox 1748 2263 1840 2302; x_wconf 59' lang='lat' dir='ltr'>rozio</span> 
     </span>
     <span class='ocr_line' id='line_1_35' title="bbox 189 2317 1839 2368; baseline -0.002 -10"><span class='ocrx_word' id='word_1_312' title='bbox 189 2335 230 2358; x_wconf 83' lang='grc' dir='ltr'><em>τε</em></span> <span class='ocrx_word' id='word_1_313' title='bbox 255 2321 282 2355; x_wconf 90' lang='lat' dir='ltr'>C</span> <span class='ocrx_word' id='word_1_314' title='bbox 397 2320 626 2367; x_wconf 79' lang='grc' dir='ltr'><em>ἐμπίμπλησι</em></span> <span class='ocrx_word' id='word_1_315' title='bbox 651 2321 716 2355; x_wconf 89' lang='lat' dir='ltr'><em>LN</em></span> <span class='ocrx_word' id='word_1_316' title='bbox 834 2326 870 2356; x_wconf 82' lang='lat'><em>11</em></span> <span class='ocrx_word' id='word_1_317' title='bbox 897 2318 1118 2368; x_wconf 73' lang='grc' dir='ltr'><em>ιῖθεμήτοισ,</em></span> <span class='ocrx_word' id='word_1_318' title='bbox 1143 2335 1160 2357; x_wconf 87' lang='grc' dir='ltr'><em>ε</em></span> <span class='ocrx_word' id='word_1_319' title='bbox 1186 2332 1228 2356; x_wconf 86' lang='lat' dir='ltr'><em>ex</em></span> <span class='ocrx_word' id='word_1_320' title='bbox 1252 2338 1273 2368; x_wconf 84' lang='grc' dir='ltr'><em>η</em></span> <span class='ocrx_word' id='word_1_321' title='bbox 1299 2333 1390 2357; x_wconf 86' lang='lat' dir='ltr'>corr.</span> <span class='ocrx_word' id='word_1_322' title='bbox 1416 2322 1448 2356; x_wconf 91' lang='lat' dir='ltr'><strong>V</strong></span> <span class='ocrx_word' id='word_1_323' title='bbox 1557 2325 1598 2356; x_wconf 86' lang='lat'><em>12</em></span> <span class='ocrx_word' id='word_1_324' title='bbox 1623 2317 1730 2362; x_wconf 75' lang='grc' dir='ltr'><em>ἄλλά]</em></span> <span class='ocrx_word' id='word_1_325' title='bbox 1757 2332 1839 2355; x_wconf 80' lang='lat' dir='ltr'><em>nam</em></span> 
     </span>
     <span class='ocr_line' id='line_1_36' title="bbox 185 2377 1838 2425; baseline 0 -13"><span class='ocrx_word' id='word_1_326' title='bbox 185 2378 256 2412; x_wconf 86' lang='lat' dir='ltr'><em>Lat</em></span> <span class='ocrx_word' id='word_1_327' title='bbox 321 2378 416 2423; x_wconf 79' lang='grc' dir='ltr'><em>δίκηι</em></span> <span class='ocrx_word' id='word_1_328' title='bbox 432 2378 465 2412; x_wconf 90' lang='lat' dir='ltr'><strong>V</strong></span> <span class='ocrx_word' id='word_1_329' title='bbox 537 2380 576 2412; x_wconf 87' lang='lat'><em>13</em></span> <span class='ocrx_word' id='word_1_330' title='bbox 594 2378 703 2425; x_wconf 84' lang='grc' dir='ltr'><em>μέχρι</em></span> <span class='ocrx_word' id='word_1_331' title='bbox 719 2380 798 2420; x_wconf 84' lang='grc' dir='ltr'><em>τοῦ]</em></span> <span class='ocrx_word' id='word_1_332' title='bbox 816 2377 923 2412; x_wconf 83' lang='lat' dir='ltr'>Niese</span> <span class='ocrx_word' id='word_1_333' title='bbox 939 2377 1048 2424; x_wconf 80' lang='grc' dir='ltr'><em>μέχρι</em></span> <span class='ocrx_word' id='word_1_334' title='bbox 1066 2380 1139 2413; x_wconf 80' lang='grc' dir='ltr'><em>ποῦ</em></span> <span class='ocrx_word' id='word_1_335' title='bbox 1157 2378 1246 2412; x_wconf 89' lang='lat' dir='ltr'>codd</span> <span class='ocrx_word' id='word_1_336' title='bbox 1265 2382 1441 2422; x_wconf 72' lang='lat' dir='ltr'><em>quatenus</em></span> <span class='ocrx_word' id='word_1_337' title='bbox 1457 2377 1526 2411; x_wconf 83' lang='lat' dir='ltr'><em>Lat</em></span> <span class='ocrx_word' id='word_1_338' title='bbox 1543 2388 1728 2422; x_wconf 80' lang='lat' dir='ltr'><em>quousque</em></span> <span class='ocrx_word' id='word_1_339' title='bbox 1744 2377 1838 2421; x_wconf 77' lang='lat' dir='ltr'>Heg3</span> 
     </span>
     <span class='ocr_line' id='line_1_37' title="bbox 188 2432 1839 2480; baseline -0.001 -12"><span class='ocrx_word' id='word_1_340' title='bbox 188 2433 234 2468; x_wconf 88' lang='lat' dir='ltr'><em>cf.</em></span> <span class='ocrx_word' id='word_1_341' title='bbox 251 2434 336 2467; x_wconf 85' lang='lat' dir='ltr'><strong>Ant.</strong></span> <span class='ocrx_word' id='word_1_342' title='bbox 351 2433 429 2468; x_wconf 90' lang='lat' dir='ltr'><em>Iud.</em></span> <span class='ocrx_word' id='word_1_343' title='bbox 446 2433 534 2468; x_wconf 93' lang='lat' dir='ltr'>XIII</span> <span class='ocrx_word' id='word_1_344' title='bbox 552 2436 614 2468; x_wconf 77' lang='lat'><em>317</em></span> <span class='ocrx_word' id='word_1_345' title='bbox 664 2437 787 2478; x_wconf 80' lang='grc' dir='ltr'><em>σῶιμα</em></span> <span class='ocrx_word' id='word_1_346' title='bbox 804 2434 852 2467; x_wconf 90' lang='lat' dir='ltr'><em>V¹</em></span> <span class='ocrx_word' id='word_1_347' title='bbox 901 2437 942 2468; x_wconf 85' lang='grc'><strong>14</strong></span> <span class='ocrx_word' id='word_1_348' title='bbox 957 2433 1064 2480; x_wconf 82' lang='grc' dir='ltr'><em>μέχρι</em></span> <span class='ocrx_word' id='word_1_349' title='bbox 1083 2454 1124 2457; x_wconf 76' lang='lat'>—</span> <span class='ocrx_word' id='word_1_350' title='bbox 1142 2438 1179 2468; x_wconf 90' lang='lat'><em>15</em></span> <span class='ocrx_word' id='word_1_351' title='bbox 1198 2437 1324 2475; x_wconf 82' lang='grc' dir='ltr'><em>τοῦτο]</em></span> <span class='ocrx_word' id='word_1_352' title='bbox 1342 2432 1513 2478; x_wconf 79' lang='lat' dir='ltr'><em>quamdiu</em></span> <span class='ocrx_word' id='word_1_353' title='bbox 1524 2433 1706 2478; x_wconf 76' lang='lat' dir='ltr'><em>paulatim</em></span> <span class='ocrx_word' id='word_1_354' title='bbox 1724 2433 1839 2468; x_wconf 77' lang='lat' dir='ltr'><em>libabo</em></span> 
     </span>
     <span class='ocr_line' id='line_1_38' title="bbox 187 2488 1749 2534; baseline -0.001 -11"><span class='ocrx_word' id='word_1_355' title='bbox 187 2489 260 2523; x_wconf 69' lang='lat' dir='ltr'><em>illis</em></span> <span class='ocrx_word' id='word_1_356' title='bbox 282 2489 494 2534; x_wconf 74' lang='lat' dir='ltr'><em>sanquinem.</em></span> <span class='ocrx_word' id='word_1_357' title='bbox 518 2490 655 2524; x_wconf 76' lang='lat' dir='ltr'><em>meum?</em></span> <span class='ocrx_word' id='word_1_358' title='bbox 678 2490 786 2524; x_wconf 75' lang='lat' dir='ltr'><em>simul</em></span> <span class='ocrx_word' id='word_1_359' title='bbox 809 2493 921 2524; x_wconf 80' lang='lat' dir='ltr'><em>tolum</em></span> <span class='ocrx_word' id='word_1_360' title='bbox 945 2490 1125 2534; x_wconf 76' lang='lat' dir='ltr'><em>accipiant</em></span> <span class='ocrx_word' id='word_1_361' title='bbox 1148 2489 1218 2523; x_wconf 82' lang='lat' dir='ltr'><em>Lat</em></span> <span class='ocrx_word' id='word_1_362' title='bbox 1308 2492 1388 2530; x_wconf 80' lang='grc' dir='ltr'><em>τοῦ]</em></span> <span class='ocrx_word' id='word_1_363' title='bbox 1412 2488 1518 2522; x_wconf 84' lang='lat' dir='ltr'>Niese</span> <span class='ocrx_word' id='word_1_364' title='bbox 1548 2491 1623 2524; x_wconf 84' lang='grc' dir='ltr'><em>ποῦ</em></span> <span class='ocrx_word' id='word_1_365' title='bbox 1647 2488 1749 2523; x_wconf 87' lang='lat' dir='ltr'>codd.</span> 
     </span>
    </p>

    <p class='ocr_par' dir='ltr' id='par_1_12' title="bbox 189 2539 1839 2914">
     <span class='ocr_line' id='line_1_39' title="bbox 189 2539 1839 2589; baseline 0 -9"><span class='ocrx_word' id='word_1_366' title='bbox 189 2545 228 2580; x_wconf 76' lang='grc' dir='ltr'><em>δὲ</em></span> <span class='ocrx_word' id='word_1_367' title='bbox 243 2544 342 2579; x_wconf 89' lang='lat' dir='ltr'><em>LVN</em></span> <span class='ocrx_word' id='word_1_368' title='bbox 397 2540 536 2587; x_wconf 76' lang='grc' dir='ltr'><em>αὐτοῖς]</em></span> <span class='ocrx_word' id='word_1_369' title='bbox 553 2545 727 2580; x_wconf 81' lang='lat' dir='ltr'>Destinon</span> <span class='ocrx_word' id='word_1_370' title='bbox 744 2556 787 2580; x_wconf 87' lang='lat' dir='ltr'><em>ex</em></span> <span class='ocrx_word' id='word_1_371' title='bbox 803 2545 874 2579; x_wconf 78' lang='lat' dir='ltr'><em>Lat</em></span> <span class='ocrx_word' id='word_1_372' title='bbox 891 2548 925 2579; x_wconf 80' lang='lat' dir='ltr'><em>et</em></span> <span class='ocrx_word' id='word_1_373' title='bbox 941 2545 1018 2589; x_wconf 84' lang='lat' dir='ltr'><em>Heg</em></span> <span class='ocrx_word' id='word_1_374' title='bbox 1035 2540 1154 2581; x_wconf 80' lang='grc' dir='ltr'><em>αὐτὸσ</em></span> <span class='ocrx_word' id='word_1_375' title='bbox 1179 2545 1282 2580; x_wconf 88' lang='lat' dir='ltr'>codd.</span> <span class='ocrx_word' id='word_1_376' title='bbox 1299 2545 1378 2579; x_wconf 85' lang='lat' dir='ltr'><em>Exc</em></span> <span class='ocrx_word' id='word_1_377' title='bbox 1423 2543 1646 2580; x_wconf 79' lang='grc' dir='ltr'><em>ἐπισπείσωι</em></span> <span class='ocrx_word' id='word_1_378' title='bbox 1663 2544 1711 2578; x_wconf 87' lang='lat' dir='ltr'><em>V¹</em></span> <span class='ocrx_word' id='word_1_379' title='bbox 1757 2539 1839 2580; x_wconf 76' lang='grc' dir='ltr'><em>τού-</em></span> 
     </span>
     <span class='ocr_line' id='line_1_40' title="bbox 190 2596 1838 2647; baseline -0.001 -11"><span class='ocrx_word' id='word_1_380' title='bbox 190 2597 266 2645; x_wconf 88' lang='grc' dir='ltr'><em>μὸν</em></span> <span class='ocrx_word' id='word_1_381' title='bbox 291 2597 381 2645; x_wconf 80' lang='grc' dir='ltr'><em>αἷμα</em></span> <span class='ocrx_word' id='word_1_382' title='bbox 406 2598 504 2637; x_wconf 84' lang='grc' dir='ltr'><em>κατὰ</em></span> <span class='ocrx_word' id='word_1_383' title='bbox 528 2601 648 2647; x_wconf 83' lang='grc' dir='ltr'><em>μέροσ</em></span> <span class='ocrx_word' id='word_1_384' title='bbox 672 2606 715 2637; x_wconf 82' lang='lat' dir='ltr'><em>tr.</em></span> <span class='ocrx_word' id='word_1_385' title='bbox 734 2602 767 2634; x_wconf 91' lang='lat' dir='ltr'>A</span> <span class='ocrx_word' id='word_1_386' title='bbox 846 2605 884 2635; x_wconf 85' lang='lat'><em>15</em></span> <span class='ocrx_word' id='word_1_387' title='bbox 909 2600 953 2637; x_wconf 81' lang='grc' dir='ltr'><em>ἐκ</em></span> <span class='ocrx_word' id='word_1_388' title='bbox 976 2603 1053 2637; x_wconf 78' lang='grc' dir='ltr'><em>τῶν</em></span> <span class='ocrx_word' id='word_1_389' title='bbox 1077 2611 1144 2635; x_wconf 89' lang='lat' dir='ltr'><em>om.</em></span> <span class='ocrx_word' id='word_1_390' title='bbox 1163 2599 1227 2633; x_wconf 90' lang='lat' dir='ltr'><em>LN</em></span> <span class='ocrx_word' id='word_1_391' title='bbox 1308 2602 1347 2633; x_wconf 83' lang='lat'><em>16</em></span> <span class='ocrx_word' id='word_1_392' title='bbox 1372 2596 1478 2635; x_wconf 82' lang='grc' dir='ltr'><em>ταῦτ’</em></span> <span class='ocrx_word' id='word_1_393' title='bbox 1504 2599 1610 2633; x_wconf 86' lang='lat' dir='ltr'>CExc</span> <span class='ocrx_word' id='word_1_394' title='bbox 1686 2599 1709 2634; x_wconf 90' lang='lat' dir='ltr'><em>i.</em></span> <span class='ocrx_word' id='word_1_395' title='bbox 1727 2609 1838 2644; x_wconf 82' lang='lat' dir='ltr'><strong>marg.</strong></span> 
     </span>
     <span class='ocr_line' id='line_1_41' title="bbox 192 2650 1838 2703; baseline -0.001 -12"><span class='ocrx_word' id='word_1_396' title='bbox 192 2657 214 2691; x_wconf 88' lang='grc' dir='ltr'><em>ι’</em></span> <span class='ocrx_word' id='word_1_397' title='bbox 239 2656 265 2690; x_wconf 89' lang='lat' dir='ltr'>C</span> <span class='ocrx_word' id='word_1_398' title='bbox 338 2661 376 2691; x_wconf 84' lang='lat'><em>17</em></span> <span class='ocrx_word' id='word_1_399' title='bbox 403 2658 607 2693; x_wconf 56' lang='grc' dir='ltr'><em>τελευτῶν</em></span> <span class='ocrx_word' id='word_1_400' title='bbox 677 2653 720 2694; x_wconf 80' lang='grc' dir='ltr'><em>οὗ</em></span> <span class='ocrx_word' id='word_1_401' title='bbox 746 2660 877 2693; x_wconf 81' lang='grc' dir='ltr'><em>πλεῖον</em></span> <span class='ocrx_word' id='word_1_402' title='bbox 899 2654 1130 2703; x_wconf 75' lang='grc' dir='ltr'><em>βασιλεύσασ</em></span> <span class='ocrx_word' id='word_1_403' title='bbox 1153 2660 1197 2690; x_wconf 84' lang='lat' dir='ltr'><em>tr.</em></span> <span class='ocrx_word' id='word_1_404' title='bbox 1229 2655 1262 2689; x_wconf 89' lang='lat' dir='ltr'>N</span> <span class='ocrx_word' id='word_1_405' title='bbox 1357 2658 1396 2689; x_wconf 87' lang='grc'><em>18</em></span> <span class='ocrx_word' id='word_1_406' title='bbox 1423 2656 1460 2691; x_wconf 79' lang='grc' dir='ltr'><em>δὲ</em></span> <span class='ocrx_word' id='word_1_407' title='bbox 1483 2654 1548 2688; x_wconf 82' lang='lat' dir='ltr'><em>LN</em></span> <span class='ocrx_word' id='word_1_408' title='bbox 1625 2653 1713 2696; x_wconf 80' lang='grc' dir='ltr'><em>τοὺς</em></span> <span class='ocrx_word' id='word_1_409' title='bbox 1736 2650 1838 2691; x_wconf 77' lang='grc' dir='ltr'><em>α’δελ-</em></span> 
     </span>
     <span class='ocr_line' id='line_1_42' title="bbox 193 2707 1839 2758; baseline -0.002 -11"><span class='ocrx_word' id='word_1_410' title='bbox 193 2709 287 2757; x_wconf 80' lang='grc' dir='ltr'><em>φοὺς</em></span> <span class='ocrx_word' id='word_1_411' title='bbox 311 2708 438 2754; x_wconf 77' lang='grc' dir='ltr'><em>αὐτοῦ]</em></span> <span class='ocrx_word' id='word_1_412' title='bbox 463 2709 556 2748; x_wconf 84' lang='grc' dir='ltr'><em>τοὺσ</em></span> <span class='ocrx_word' id='word_1_413' title='bbox 581 2709 697 2749; x_wconf 71' lang='grc' dir='ltr'><em>αὐτοῦ</em></span> <span class='ocrx_word' id='word_1_414' title='bbox 721 2709 909 2758; x_wconf 69' lang='grc' dir='ltr'><em>ἀδελφοὶ-ο</em></span> <span class='ocrx_word' id='word_1_415' title='bbox 925 2712 1103 2747; x_wconf 82' lang='lat' dir='ltr'>LVNExc</span> <span class='ocrx_word' id='word_1_416' title='bbox 1120 2708 1212 2748; x_wconf 81' lang='grc' dir='ltr'><em>τοὺσ</em></span> <span class='ocrx_word' id='word_1_417' title='bbox 1235 2707 1423 2755; x_wconf 77' lang='grc' dir='ltr'><em>άδελφοὺσ</em></span> <span class='ocrx_word' id='word_1_418' title='bbox 1447 2713 1515 2746; x_wconf 79' lang='grc' dir='ltr'><em>τοῦ</em></span> <span class='ocrx_word' id='word_1_419' title='bbox 1530 2710 1721 2756; x_wconf 82' lang='grc' dir='ltr'><em>βασιλέωσ</em></span> <span class='ocrx_word' id='word_1_420' title='bbox 1739 2711 1839 2745; x_wconf 87' lang='grc' dir='ltr'><em>ΡΑΜ</em></span> 
     </span>
     <span class='ocr_line' id='line_1_43' title="bbox 189 2761 1749 2815; baseline -0.001 -14"><span class='ocrx_word' id='word_1_421' title='bbox 189 2768 344 2812; x_wconf 78' lang='lat' dir='ltr'><em>fratrem</em></span> <span class='ocrx_word' id='word_1_422' title='bbox 369 2769 446 2803; x_wconf 80' lang='lat' dir='ltr'><em>eius</em></span> <span class='ocrx_word' id='word_1_423' title='bbox 469 2768 539 2802; x_wconf 82' lang='lat' dir='ltr'><em>Lat</em></span> <span class='ocrx_word' id='word_1_424' title='bbox 657 2772 695 2803; x_wconf 82' lang='lat'><em>19</em></span> <span class='ocrx_word' id='word_1_425' title='bbox 720 2767 879 2815; x_wconf 78' lang='grc' dir='ltr'><em>ἄλεδρον</em></span> <span class='ocrx_word' id='word_1_426' title='bbox 902 2770 980 2804; x_wconf 82' lang='lat' dir='ltr'><em>Exc</em></span> <span class='ocrx_word' id='word_1_427' title='bbox 1077 2770 1139 2804; x_wconf 79' lang='grc' dir='ltr'><em>καὶ</em></span> <span class='ocrx_word' id='word_1_428' title='bbox 1164 2778 1231 2802; x_wconf 88' lang='lat'>0111.</span> <span class='ocrx_word' id='word_1_429' title='bbox 1258 2766 1469 2801; x_wconf 79' lang='lat' dir='ltr'><strong>ALVNExc</strong></span> <span class='ocrx_word' id='word_1_430' title='bbox 1580 2761 1692 2801; x_wconf 52' lang='lat' dir='ltr'><em>sea-if</em></span> <span class='ocrx_word' id='word_1_431' title='bbox 1717 2767 1749 2800; x_wconf 93' lang='lat' dir='ltr'>A</span> 
     </span>
     <span class='ocr_line' id='line_1_44' title="bbox 189 2818 1838 2870; baseline -0.001 -12"><span class='ocrx_word' id='word_1_432' title='bbox 189 2820 418 2869; x_wconf 80' lang='grc' dir='ltr'><em>μετριότητα</em></span> <span class='ocrx_word' id='word_1_433' title='bbox 457 2824 664 2859; x_wconf 76' lang='lat' dir='ltr'><strong>LVNCExc</strong></span> <span class='ocrx_word' id='word_1_434' title='bbox 818 2824 995 2870; x_wconf 77' lang='grc' dir='ltr'><em>προέχειν</em></span> <span class='ocrx_word' id='word_1_435' title='bbox 1032 2825 1064 2859; x_wconf 78' lang='lat' dir='ltr'><strong>V</strong></span> <span class='ocrx_word' id='word_1_436' title='bbox 1218 2826 1258 2858; x_wconf 86' lang='lat'><em>20</em></span> <span class='ocrx_word' id='word_1_437' title='bbox 1291 2824 1314 2858; x_wconf 92' lang='lat' dir='ltr'><em>i.</em></span> <span class='ocrx_word' id='word_1_438' title='bbox 1352 2832 1460 2865; x_wconf 83' lang='lat' dir='ltr'>marg.</span> <span class='ocrx_word' id='word_1_439' title='bbox 1507 2818 1528 2856; x_wconf 77' lang='grc' dir='ltr'><em>ι’</em></span> <span class='ocrx_word' id='word_1_440' title='bbox 1559 2821 1592 2855; x_wconf 90' lang='lat' dir='ltr'><strong>V</strong></span> <span class='ocrx_word' id='word_1_441' title='bbox 1750 2824 1838 2863; x_wconf 81' lang='grc' dir='ltr'><em>τῶν]</em></span> 
     </span>
     <span class='ocr_line' id='line_1_45' title="bbox 192 2875 406 2914; baseline 0 -1"><span class='ocrx_word' id='word_1_442' title='bbox 192 2875 260 2914; x_wconf 82' lang='grc' dir='ltr'><em>τὸν</em></span> <span class='ocrx_word' id='word_1_443' title='bbox 284 2878 406 2913; x_wconf 82' lang='lat' dir='ltr'>C¹Exc</span> 
     </span>
    </p>
   </div>
  </div>
 </body>
</html>
