2039 3251
61 892 96 923 10

58 1229 94 1261 15

59 1566 96 1598 20

537 161 600 195 DE
626 160 784 196 BELLO
810 160 906 196 IUD.
933 160 981 195 VI
1008 163 1185 195 257—265
1209 162 1257 202 (lv
1285 166 1312 192 6.
1342 163 1373 203 7)
1705 160 1782 195 547

124 283 283 331 φοραῖς
315 272 513 329 ἐχρῶντο.
565 275 755 330 πλησίον
780 274 825 315 δὲ
847 275 924 316 τοῦ
956 276 1062 316 ναοῦ
1091 273 1315 328 γινόμενοι
1346 275 1433 315 τιῦν
1463 273 1542 326 μὲν
1572 274 1650 316 τοῦ
1673 277 1785 315 Καί-

124 359 257 397 σαρος
280 341 656 397 παραγγελμάτων
678 343 1032 397 προσεποιοῦντο
1054 341 1165 397 μηδὲ
1186 341 1453 392 κατακούειν,
1485 349 1579 391 τοῖς
1600 340 1687 394 πρὸ
1714 341 1790 382 αῦ-

123 413 208 452 τιῦν
233 411 275 452 δὲ
301 409 349 450 τὸ
374 411 459 462 πῦρ
484 408 643 451 ἐνιέναι
671 408 1028 462 παρεκελεύοντο.
1078 411 1165 450 τιῦν
1189 410 1235 451 δὲ
1258 410 1536 450 στασιαστῶν
1569 404 1788 464 ἀμηχανία

124 480 201 532 μὲν
226 469 273 533 ἦν
299 475 375 534 ἤδη
399 479 474 519 τοῦ
495 480 693 532 βοηθεῖν,
728 475 864 531 φόνος
887 476 933 517 δὲ
955 478 1182 529 πανταχοῦ
1208 479 1280 518 καὶ
1303 475 1460 532 τροπή.
1511 474 1559 517 τὸ
1585 476 1631 517 δὲ
1655 476 1790 516 πλέον

126 542 215 587 άπὸ
250 547 325 587 τοῦ
357 544 493 600 δημοῦ
527 543 631 592 λαὸς
663 539 858 599 ἀσθενὴς
897 545 969 585 καὶ
1007 541 1204 593 ἄνοπλος
1236 539 1350 585 ὅπου
1382 544 1691 600 καταληφθείη
1724 558 1790 592 τις

127 609 462 670 ἀπεσφάττετο,
503 612 572 653 καὶ
606 613 708 665 περὶ
740 611 819 665 μὲν
849 609 924 653 τὸν
955 610 1106 665 Ιβωμὸν
1139 613 1316 668 πλῆθος
1348 610 1585 666 ἐσωρεύετο
1618 611 1789 665 νεκρῶν,

124 680 233 723 κατὰ
266 680 312 722 δὲ
343 681 430 721 τιῦν
461 680 539 721 τοῦ
570 680 677 721 ναοῦ
706 678 893 734 βάθρων
925 678 1036 730 αἷμά
1057 675 1099 720 τ)
1127 678 1241 734 ἔρρει
1275 677 1389 721 πολι)-
1417 677 1565 720 καὶτὰ
1588 680 1675 719 τῶν
1700 674 1789 720 ἅνω

124 750 429 804 φονευομένων
461 746 645 800 σώματα
674 748 997 789 κατωλίσθανε.

239 818 276 857 7.
309 819 484 868 Καῖσαρ
517 810 557 855 δ’
584 811 643 863 ιῦς
675 810 774 855 οῖ”τε
804 812 883 863 τὰς
914 810 1054 867 ὁρμὰς
1085 812 1421 855 ἐνθουσιώντων
1452 815 1538 854 τῶν
1570 827 1787 866 στρατιω-

125 884 212 924 τιῦν
242 891 472 935 κατασχεῖν
504 881 596 931 οἷός
627 898 674 924 τε
706 872 754 938 ἦν
786 883 856 924 καὶ
889 881 937 924 τὸ
972 884 1059 936 πῦρ
1103 880 1353 936 ἐπεκράτει,
1396 879 1640 935 παρελθών
1676 877 1789 933 μετὰ

124 952 208 992 τιῦν
241 947 461 1006 ἡγεμόνιον
492 949 615 992 ἔνδον
654 948 876 991 ἐθεάσατο
906 951 985 991 τοῦ
1016 951 1121 991 ναοῦ
1152 948 1200 991 τὸ
1235 943 1359 1004 ἅγιον
1389 950 1461 991 καὶ
1492 946 1547 989 τὰ
1580 946 1624 988 ἐν
1657 942 1788 1001 αὐτῷ,

125 1017 237 1059 πολί1
269 1017 346 1071 μὲν
376 1019 452 1073 τῆς
475 1016 597 1072 παρὰ
628 1025 720 1066 τοῖς
751 1012 1021 1073 ἀλλοφύλοις
1053 1016 1201 1074 φήμης
1233 1011 1413 1069 ἀμείνω,
1445 1017 1522 1057 τοῦ
1546 1014 1592 1057 δὲ
1613 1014 1789 1068 κόμπου

124 1087 195 1128 καὶ
225 1087 302 1142 τῆς
332 1083 454 1139 παρὰ
485 1093 578 1134 τοῖς
611 1084 791 1134 οἰκείοις
824 1084 953 1141 δόξης
985 1080 1061 1126 οῦκ
1093 1082 1273 1126 ἐλάττω.
1334 1085 1409 1140 τῆς
1441 1081 1606 1139 φλογὸς
1640 1082 1686 1123 δὲ
1713 1077 1786 1123 ού-

125 1153 246 1195 δὲπω
279 1153 578 1209 διικνουμένης
610 1149 863 1205 οὐδαμόθεν
894 1151 1012 1204 ε’ίσω,
1047 1150 1149 1201 τοῦς
1181 1152 1228 1193 δὲ
1259 1152 1363 1207 περὶ
1394 1150 1471 1193 τόν
1503 1148 1609 1192 ναὸν
1642 1149 1789 1198 οἴκους

125 1222 373 1276 νεμομένης,
406 1223 605 1272 νομίσας,
637 1214 748 1273 ὅπερ
771 1210 834 1277 ἦν,
868 1219 932 1262 ἔτι
955 1219 1181 1271 σώζεσθαι
1202 1218 1250 1261 τὸ
1276 1218 1400 1274 ἔργον
1429 1217 1653 1260 δύνασθαι
1675 1232 1788 1271 προ-

126 1288 259 1344 πηδᾷ,
290 1288 361 1329 καὶ
394 1282 526 1336 αῦτός
557 1303 603 1328 τε
634 1288 906 1340 παρακαλεῖν
935 1287 1037 1337 τοὺς
1071 1282 1345 1341 στρατιώτας
1377 1284 1587 1338 ἐπειρᾶτο
1619 1284 1665 1326 τὸ
1697 1286 1785 1338 πῦρ
1819 1295 1827 1302 ·

125 1351 345 1409 σβεννύειν
375 1356 444 1396 καὶ
469 1354 743 1409 Λιβεράλιον
775 1353 1088 1410 ἑκατοντάρχην
1119 1357 1204 1396 τῶν
1226 1355 1329 1408 περὶ
1352 1349 1486 1395 αὐτὸν
1508 1351 1790 1407 λογχοφόρων

127 1421 271 1472 ξύλοις
310 1425 502 1464 παίοντα
541 1421 643 1471 τοῦς
683 1417 987 1470 ἀπειθοῦντας
1026 1420 1246 1464 ἐκέλευσεν
1286 1421 1459 1476 εἴργειν.
1518 1421 1606 1461 τιῦν
1638 1419 1684 1460 δὲ
1715 1420 1787 1461 καὶ

125 1489 201 1544 τὴν
233 1488 346 1544 πρὸς
381 1487 456 1530 τὸν
489 1493 695 1543 Καίσαρα
736 1488 847 1531 αἰδῶ
887 1490 956 1531 καὶ
997 1489 1074 1532 τὸν
1114 1486 1204 1531 άπὸ
1247 1490 1325 1531 τοῦ
1364 1487 1608 1537 κωλύοντος
1649 1486 1790 1543 φόβον

128 1555 278 1598 ἐνίκων
310 1557 351 1598 οἱ
383 1558 522 1609 θυμοὶ
558 1558 629 1598 καὶ
660 1555 709 1598 τὸ
743 1557 856 1610 πρὸς
885 1554 1122 1606 Ἰουδαίους
1161 1565 1311 1610 μῖσος,
1352 1558 1423 1598 καὶ
1465 1553 1681 1611 πολεμική
1724 1569 1791 1602 τις

126 1621 233 1680 ὁρμὴ
280 1625 545 1679 λαβροτέρα·
586 1623 688 1673 τοῦς
725 1624 770 1666 δὲ
802 1623 994 1674 πολλοῦς
1034 1623 1180 1681 ἐνῆγεν
1223 1621 1426 1679 ἁρπαγῆς
1467 1622 1616 1674 ἐλπίς,
1658 1620 1789 1670 δόξαν

126 1707 171 1733 τε
195 1691 370 1744 ἔχοντας
396 1689 453 1741 ὡς
472 1691 526 1733 τὰ
559 1690 682 1733 ἔνδον
715 1686 892 1733 ἅπαντα
920 1691 1154 1747 χρημάτων
1185 1690 1325 1744 μεστὰ
1358 1690 1438 1746 εἴη,
1471 1691 1543 1732 καὶ
1574 1689 1628 1731 τὰ
1661 1687 1794 1743 πέριξ

125 1756 321 1812 ὁρῶντας
347 1761 508 1814 χρυσοῦ
541 1762 835 1815 πεποιημένα.
887 1759 1057 1815 φθάνει
1080 1759 1127 1800 δέ
1146 1775 1214 1808 τις
1234 1760 1308 1800 καὶ
1339 1760 1426 1799 τῶν
1457 1757 1563 1799 εἵσω
1595 1757 1790 1812 παρελη-

126 1826 328 1868 λυθότων
360 1825 688 1882 ἐκπηδήσαντος
708 1828 786 1869 τοῦ
808 1829 1036 1881 Καίσαρος
1066 1825 1182 1882 πρὸς
1213 1825 1376 1882 ἐποχὴν
1397 1828 1484 1867 τῶν
1507 1825 1792 1880 στρατιωτῶν

237 2015 782 2060 PAMLVRCLatHegesippus
808 2015 838 2049 V
863 2017 905 2049 43
930 2026 964 2059 p.
992 2017 1069 2050 361.
1105 2015 1265 2049 Zonaras
1288 2014 1305 2048 I
1330 2024 1364 2058 p.
1390 2016 1468 2048 541.

238 2076 257 2107 2
283 2075 566 2118 προσεποιοῦτο
592 2072 641 2107 R¹
744 2077 830 2107 τοῖσ
855 2071 894 2107 δὲ
918 2067 994 2117 πρὸ
1021 2066 1147 2106 αὐτῶν
1170 2075 1214 2104 tr.
1241 2070 1277 2104 M
1377 2066 1467 2113 πρὸ]
1493 2067 1794 2102 PAMLZonLat

126 2126 222 2177 παρ’
245 2129 342 2165 VRC
412 2131 430 2162 3
457 2127 502 2164 τὸ
530 2139 596 2163 om.
621 2128 698 2162 Zon
767 2131 788 2161 4
812 2121 869 2172 ἦν]
895 2137 963 2161 om.
989 2126 1049 2161 LO
1073 2127 1095 2160 i.
1122 2135 1232 2169 marg.
1259 2126 1376 2169 suppl.
1403 2127 1436 2159 A
1506 2126 1576 2160 τοῦ
1600 2126 1794 2169 προσβοη-

125 2190 210 2223 θεῖν
233 2186 263 2220 L
379 2181 625 2230 πανταχόθεν
649 2184 682 2217 A
821 2186 839 2216 5
866 2177 958 2224 άπὸ]
991 2178 1011 2218 ὃ
1038 2178 1116 2218 ιῖπὸ
1144 2183 1182 2216 Μ
1207 2182 1290 2216 fort.
1315 2182 1413 2216 recte
1522 2180 1794 2226 καταλειφθείη

126 2242 221 2277 PAL
339 2243 358 2275 6
382 2240 464 2285 μὲν]
489 2239 632 2282 LCLat,
657 2249 724 2275 om.
750 2237 921 2273 PAMVR
1040 2234 1266 2284 ἐσωρεύετο,
1290 2233 1310 2272 ύ
1335 2236 1357 2271 i.
1383 2247 1454 2271 ras.
1480 2237 1513 2271 A
1640 2241 1657 2270 7
1687 2238 1793 2277 ναοῦ]

126 2301 262 2345 βωμοῦ
284 2296 379 2333 VRC
485 2294 658 2343 βάθρων]
687 2297 853 2342 βαθμῶν
877 2294 975 2339 LSyr
997 2294 1137 2340 qraclus
1160 2294 1231 2328 Lat
1321 2306 1362 2329 τε
1387 2293 1554 2328 MLVRC
1645 2295 1708 2328 καὶ
1734 2288 1792 2332 τὰ]

126 2353 222 2391 κατὰ
248 2354 297 2388 R¹
369 2355 388 2387 8
412 2351 573 2397 σώματα
600 2363 642 2387 ex
667 2348 833 2396 σωμάτω
859 2361 949 2386 corr.
968 2350 997 2384 L
1067 2351 1326 2386 κατολίσθανε
1343 2349 1370 2384 C
1393 2350 1674 2386 κατωλίσθαινε
1699 2348 1750 2383 R²

127 2413 147 2446 9
172 2411 210 2447 δὲ
233 2409 330 2445 VRC
424 2405 508 2446 οὐδὲ
533 2408 562 2442 L
655 2404 936 2444 ἐνθουσιόντων
959 2406 987 2441 Ρ
1083 2410 1120 2442 11
1149 2403 1259 2442 ἔνδον
1283 2417 1349 2442 om.
1373 2406 1484 2441 LZon
1566 2407 1674 2446 ναοῦ]
1700 2406 1795 2441 θεοῦ

125 2466 202 2501 Zon
288 2468 326 2500 12
352 2463 627 2511 ἅλλοφίλοισΑ
711 2466 750 2498 13
777 2466 854 2509 τῆς]
879 2469 964 2499 τοῖσ
980 2463 1058 2498 AC¹
1139 2461 1244 2510 napo}
1271 2469 1352 2506 τοῖς
1377 2474 1443 2498 om.
1468 2464 1501 2497 A
1582 2461 1742 2498 έλαττον
1766 2459 1793 2494 Ρ

127 2521 294 2558 ἔλαττων
311 2522 343 2556 Α
426 2521 464 2557 δὲ
489 2519 638 2567 φλογὸσ
663 2524 707 2554 tr.
733 2519 841 2554 LZon
912 2517 945 2554 δ’
966 2518 992 2553 C
1080 2515 1297 2563 οὐδαμόθεν
1321 2529 1387 2554 om.
1405 2519 1517 2553 AZon
1589 2521 1630 2553 14
1655 2518 1705 2559 δὲ]
1730 2527 1795 2552 nec

127 2578 196 2613 Lat
291 2581 329 2613 15
355 2577 573 2623 νεμωμένησ
599 2576 624 2610 C
718 2572 771 2612 ἔτι
796 2586 864 2610 om.
884 2575 910 2609 P
1007 2578 1046 2610 17
1072 2573 1316 2622 Λιβεράλιον]
1343 2575 1492 2610 Hudson
1518 2574 1700 2610 liberalem
1725 2573 1796 2607 Lat

129 2633 347 2681 λιβεράριον
372 2633 474 2668 codd.
501 2633 634 2668 liberos
657 2632 722 2677 Syr
799 2631 1092 2667 ecatontarchum
1116 2631 1188 2666 Lat
1259 2634 1300 2666 19
1325 2628 1424 2677 πρὸς
1449 2628 1530 2673 τὸν]
1557 2627 1662 2678 πρὸσ
1686 2626 1792 2676 τὸΙΡ

131 2688 233 2736 πρὸσ
256 2689 383 2725 LVRG
469 2691 511 2723 20
537 2692 603 2731 τις]
629 2701 698 2734 τησ
720 2688 749 2722 P
820 2691 858 2722 21
887 2687 1134 2736 λαμπροτέρα
1158 2687 1191 2723 R
1259 2685 1402 2734 ἐνῆγεν]
1428 2688 1648 2734 παρέθηγεν
1669 2689 1747 2723 Zon

132 2744 244 2788 δόξαν
265 2765 310 2770 -
327 2749 369 2780 23
394 2745 640 2792 πεποιημένα]
663 2745 890 2790 suspicantes
912 2745 1009 2779 intus
1026 2745 1147 2779 omnia
1157 2744 1338 2791 pecuniae
1353 2744 1494 2788 referta
1511 2754 1597 2785 esse,
1623 2744 1793 2789 quoniam

130 2801 235 2844 fores
259 2811 350 2835 auro
372 2801 497 2846 factas
520 2801 768 2847 comple-erent
790 2801 859 2835 Lat
936 2803 978 2835 22
1003 2813 1044 2836 τε
1069 2811 1137 2835 om.
1163 2799 1263 2835 PLat
1285 2799 1369 2835 fort.
1394 2804 1492 2835 recte
1560 2797 1699 2836 τᾶνδον
1723 2799 1750 2833 C

133 2852 265 2899 μεστὰ]
290 2866 333 2890 ex
356 2853 450 2900 μετὰ
477 2866 569 2891 corr.
594 2858 626 2890 A
649 2856 807 2902 μέγιστα
832 2856 864 2891 V
963 2859 1004 2891 23
1032 2852 1202 2902 ὃρῶντεσ
1225 2855 1255 2890 L
1375 2849 1652 2902 παρελθόντων
1677 2855 1703 2888 C

136 2914 176 2945 24
201 2909 344 2956 ἐποχὴν
370 2912 398 2945 P

1451 2968 1522 3001 35*

1817 274 1897 315 258

1820 409 1900 449 259

1819 813 1899 852 260

1818 1084 1894 1123 261

1819 1421 1900 1462 263

1821 1625 1903 1664 264

1822 1757 1902 1797 265
