2039 3251
55 873 91 905 10

57 1211 93 1243 15

520 142 586 177 DE
611 141 772 177 BELLO
798 141 894 177 IUD.
919 142 935 176 I
965 144 1137 177 102—107
1162 146 1219 183 (lv
1245 148 1274 177 8.
1299 143 1327 170 V
1352 147 1379 185 ι)
1730 141 1780 177 25

237 259 272 299 8.
315 256 377 298 Ἐκ
406 254 561 298 τούτου
592 257 878 312 Δαμασκηνοὶ
912 254 984 298 διὰ
1015 255 1064 297 τι)
1098 256 1212 311 πρὸς
1242 256 1523 310 Πτολεμαῖον
1552 254 1629 298 τὸν
1660 258 1785 297 Μεν-

124 327 248 366 ναίου
265 332 394 378 μῖσος
406 319 590 377 Ἀρέταν
608 321 849 377 ἐπάγονται
865 325 937 365 καὶ
956 326 1230 366 καθιστῶσιν
1246 325 1395 381 κοίλης
1406 328 1567 379 Συρίας
1582 323 1781 377 βασιλέα.

124 391 408 447 στρατεύεται
440 386 480 431 δ)
518 385 644 439 οὗτος
675 390 750 432 ἐπὶ
781 389 858 445 τὴν
886 386 1100 433 Ἰουδαίαν
1131 394 1203 434 καὶ
1234 391 1348 448 μάχη
1382 392 1559 449 νικήσας
1578 388 1784 441 Ἀλέξαν-

125 459 226 513 δρον
246 457 356 500 κατὰ
391 456 612 514 συνθήκας
644 453 926 514 ἀνεχώρησεν.
974 452 1261 513 ἷίλὲξανδρος
1292 460 1336 501 δὲ
1360 461 1536 501 Πέλλαν
1567 457 1677 501 ἑλών
1709 457 1783 499 ἐπὶ

126 530 325 580 Γέρασαν
355 522 422 582 ᾔει
454 524 590 567 πάλιν
621 527 708 566 τῶν
743 524 974 581 Θεοδώρου
1004 526 1235 581 κτημάτων
1265 527 1530 581 γλιχόμενος,
1563 528 1635 569 καὶ
1665 527 1781 582 τρισὶ

122 593 224 642 τοὺς
246 593 464 649 φρουρούς
485 592 741 646 περιβόλοις
773 593 1060 645 ἀποτειχίσας
1092 593 1165 635 διὰ
1196 593 1336 651 μάχης
1366 594 1414 636 τὸ
1444 599 1607 650 χωρίον
1638 611 1784 649 παρα-

125 660 351 714 λαμβάνει.
402 663 753 716 καταστρέφεται
785 661 830 702 δὲ·
862 662 931 702 καὶ
957 660 1185 716 Γαυλάνην
1215 664 1287 704 καὶ
1319 662 1573 704 Σελεύκειαν
1604 663 1676 704 καὶ
1707 660 1784 718 τὴν

120 724 346 781 Ἀντιόχου
379 727 583 785 φάραγγα
613 729 892 784 καλοίιμὲνην,
930 727 1044 783 πρὸς
1075 727 1141 778 οἷς
1173 728 1359 783 Γάμαλα
1390 729 1602 785 φρούριον
1632 745 1785 784 καρτε-

123 794 198 849 ρὸν
230 795 360 848 ἑλών,
400 795 475 838 τὸν
508 793 692 851 ἄρχοντα
723 795 977 852 Δημήτριον
1009 794 1052 837 ἐν
1084 791 1204 851 αὐτῷ
1235 796 1496 851 παραλύσας
1527 795 1572 839 ἐκ
1604 797 1784 838 πολλῶν

123 862 401 919 ἐγκλημάτων
432 862 658 906 ἐπάνεισιν
690 863 752 913 εἰς
776 859 1004 914 Ἰουδαίαν,
1036 866 1138 917 τρία
1171 863 1411 920 πληρώσας
1442 863 1514 921 ἔτη
1545 866 1622 920 τῆς
1653 878 1786 919 στρα-

126 934 257 980 τείας.
310 929 509 985 ἀσμένως
532 927 573 972 δ)
599 927 685 973 ὑπὸ
719 931 798 972 τοῦ
829 929 989 979 ἔθνους
1019 929 1178 987 ἐδέχθη
1212 930 1286 973 διὰ
1316 930 1394 988 τὴν
1426 928 1682 987 εὐπραγίαν,
1713 933 1785 973 καὶ

124 997 338 1052 λαμβάνει
358 997 435 1055 την
458 994 707 1041 ἀνάπαυσιν
727 999 805 1039 τοῦ
825 999 1036 1051 πολεμεῖν
1069 993 1200 1055 ἀρχὴν
1232 998 1377 1041 νόσου.
1427 1004 1708 1054 τεταρταίαις
1740 999 1785 1042 δὲ

124 1065 352 1120 περιόδοις
396 1068 596 1121 πυρετῶν
635 1063 942 1118 ἐνοχλούμενος
981 1060 1110 1123 ᾠήθη
1152 1065 1501 1121 διακρούσεσθαι
1538 1065 1615 1123 την
1655 1066 1786 1109 νόσον

124 1133 260 1176 ,τάλιν
300 1131 529 1189 ἁψάμενος
568 1132 853 1188 πραγμάτων.
906 1130 973 1174 διὸ
1017 1133 1067 1189 δὴ
1109 1139 1361 1189 στρατείαις
1398 1131 1598 1190 ἀκαίροις
1629 1133 1784 1176 ἑαυτὸν

125 1200 353 1252 ἐπιδιδούς
390 1202 462 1243 καὶ
500 1199 759 1255 βιαζόμενος
797 1198 921 1255 παρὰ
959 1200 1143 1255 δύναμιν
1173 1201 1222 1245 τὸ
1257 1205 1383 1257 σῶμα
1414 1202 1528 1257 πρὸς
1557 1201 1638 1251 τὰς
1669 1201 1786 1257 ἐνερ-

123 1271 244 1322 γείας
285 1264 547 1324 ἀπήλλαξεν.
604 1269 784 1324 τελευτᾷ
820 1269 922 1323 γοῦν
962 1267 1006 1311 ἐν
1044 1272 1198 1323 μέσοις
1226 1279 1321 1320 τοῖς
1351 1270 1567 1326 θορύβοις
1598 1269 1788 1326 στρεφό-

123 1352 254 1389 μενος
281 1335 549 1391 βασιλεύσας
579 1333 693 1378 ἑπτά
724 1334 840 1390 πρὸς
869 1344 964 1386 τοῖς
995 1336 1159 1379 εἴκοσιν
1190 1337 1277 1394 ἔτη.

238 1404 284 1447 V.
327 1408 363 1446 1.
410 1403 687 1446 Καταλείπει
732 1402 779 1445 δὲ
823 1401 901 1460 τὴν
945 1405 1177 1458 βασιλείαν
1211 1400 1482 1461 ἒίλεξάνδρςι
1526 1407 1581 1462 τῇ
1618 1406 1789 1461 γυναικὶ

125 1474 423 1526 πεπεισμένος
453 1470 588 1527 ταύτῃ
620 1466 801 1525 μάλιστ)
839 1464 890 1514 &lv
923 1468 1175 1516 ’ὑπακοῦσαι
1205 1471 1309 1522 τοὺς
1333 1469 1592 1525 Ἰουδαίους,
1633 1471 1785 1528 ἐπειδὴ

123 1540 198 1595 τῆς
251 1537 476 1595 ὠμότητος
523 1535 655 1581 αὐτοῦ
699 1537 869 1595 μακρὰν
916 1534 1172 1583 ἀποδέουσα
1219 1542 1289 1583 καὶ
1342 1549 1441 1590 ταῖς
1487 1543 1789 1595 παρανομίαις

237 1674 258 1717 ς
285 1676 348 1707 103
373 1690 416 1701 =
441 1674 524 1707 Ant.
547 1672 626 1707 Iud.
651 1672 739 1706 xm
763 1675 841 1708 392.

235 1785 779 1830 PAMLVRCLatHegesippus
803 1786 820 1820 I
840 1789 880 1820 12
904 1797 940 1830 p.
969 1789 1020 1821 15.

240 1845 253 1875 1
282 1839 340 1883 τὸ]
366 1839 411 1878 τὸ
426 1861 435 1868 -
450 1842 475 1876 C
578 1844 752 1886 μινναίου
776 1843 843 1876 ΜΟ
868 1853 1038 1877 menneae
1062 1843 1133 1877 Lat
1240 1846 1259 1876 3
1286 1843 1324 1880 δὲ
1348 1843 1475 1878 LVRC
1584 1847 1602 1878 4
1630 1844 1787 1885 Πέλλαν]

125 1894 246 1940 πάλιν,
265 1911 288 1933 α
306 1902 340 1933 et
357 1913 368 1933 ι
385 1899 408 1933 i.
426 1908 496 1933 ras.
515 1909 561 1933 m.
577 1902 595 1933 2
609 1899 642 1933 V
658 1898 750 1934 bello
764 1899 834 1933 Lat
894 1901 912 1933 5
927 1898 1117 1943 Γέρασαν]
1134 1910 1243 1945 qeras
1254 1899 1324 1934 Lat
1335 1897 1472 1936 Ἔσσαν
1483 1900 1604 1944 Antiq.
1664 1897 1787 1941 πάλιν]

124 1953 402 1998 PALRLatHeg
425 1951 538 1990 πόλιν
562 1957 595 1997 (ο
615 1965 658 1989 ex
676 1969 699 1991 ιι
718 1965 808 1990 corr.
827 1955 898 1991 uid.
916 1955 967 1996 M)
988 1955 1089 1990 MVC
1114 1953 1230 1991 πάλαι
1255 1956 1364 1991 Niese
1435 1959 1524 1998 τῶν]
1550 1959 1628 1992 τῶν
1651 1956 1690 1993 δὲ
1716 1956 1742 1990 C

126 2013 145 2043 6
169 2008 395 2057 περιβάλοιο
411 2008 505 2048 wiva
522 2010 719 2058 φρουροὺσ
735 2015 780 2046 tr.
797 2011 826 2045 P
909 2008 965 2048 διὰ
984 2007 1116 2058 μάχης]
1136 2007 1253 2058 α’μαχὶ
1268 2013 1311 2049 A.
1330 2013 1357 2048 Ι.
1375 2013 1465 2047 XIII
1483 2016 1561 2055 393,
1586 2013 1679 2047 unde
1704 2013 1788 2058 δίχα

124 2064 245 2112 μάχης
268 2067 444 2102 Destinon
545 2071 562 2102 7
594 2065 805 2114 Γαυλάνην]
829 2068 1008 2113 yaulenen
1032 2068 1102 2102 Lat
1187 2071 1251 2104 καὶ
1274 2072 1369 2111 (ante
1394 2066 1472 2116 τὴν)
1499 2081 1528 2105 s.
1553 2069 1586 2102 A
1682 2072 1700 2103 8
1726 2067 1789 2115 γά-

123 2125 248 2166 μαλαν
271 2123 454 2168 PAMHeg
611 2128 630 2160 9
662 2122 743 2166 τὸν]
773 2121 842 2160 τόν
866 2137 908 2161 τε
932 2124 1107 2160 Destinon
1233 2123 1467 2172 παραλύσας]
1491 2122 1697 2172 περιλύσασ
1720 2125 1790 2160 ΡΜ

125 2191 332 2260 πῗρῗλύσασ
360 2214 393 2247 Α
425 2211 631 2260 περιδύσασ
661 2215 806 2250 LVRC¹
837 2212 1044 2261 περιδήσασ
1076 2215 1121 2249 C²
1151 2214 1384 2257 (criminibus)
1418 2214 1580 2249 inuoluto
1612 2215 1682 2250 Lat

128 2273 167 2304 10
203 2267 271 2316 τὴν
306 2270 474 2306 ἰουδαίαν
508 2270 609 2306 LVR
731 2274 917 2316 στρατιᾶσ
951 2271 1111 2306 PAVRC
1231 2272 1317 2318 τρία
1333 2291 1378 2296 -
1395 2272 1608 2316 στρατείας]
1644 2270 1789 2317 eoepleto

125 2326 163 2360 in
179 2326 308 2362 militia
326 2327 480 2362 triennio
497 2327 567 2362 Lat
669 2330 705 2362 11
728 2324 765 2364 δὲ
783 2327 883 2363 LVR
968 2327 1205 2374 προσεδέχθη
1223 2327 1249 2361 C
1334 2329 1396 2363 καὶ
1413 2347 1457 2351 —
1476 2329 1512 2360 12
1531 2326 1661 2368 νόσου]
1674 2334 1789 2373 parta

126 2382 283 2418 bellandi
299 2384 401 2428 quies
416 2382 608 2418 exordium
626 2383 751 2419 tribuit
768 2383 1008 2429 aessrz'lucline's
1024 2384 1102 2427 Heg
1198 2386 1236 2418 12
1254 2380 1449 2430 λαμβάνει]
1467 2388 1625 2418 secutum
1651 2388 1703 2417 esc
1719 2382 1790 2417 Lat

125 2435 409 2486 καταλαμβάνει
426 2439 613 2482 Destinon,
639 2440 695 2474 cui
711 2440 806 2474 infra
831 2437 927 2487 ἀρχὴ
952 2441 1064 2484 magis
1089 2440 1226 2484 placuit
1346 2442 1527 2483 πολεμεῖν
1552 2449 1595 2473 ex
1619 2437 1789 2483 πολέμου

129 2503 219 2532 corr.
235 2495 263 2529 P
340 2491 471 2542 οἷρχὴν,
488 2509 509 2531 ν
524 2505 615 2530 eraS.
634 2496 704 2530 uid.
724 2496 753 2530 L
773 2491 865 2542 ἀρχὴ
883 2496 1126 2531 PAMVRLat
1221 2499 1259 2531 13
1278 2493 1485 2543 περιόδοισ,
1511 2507 1531 2530 ο
1550 2499 1632 2529 ante
1649 2510 1661 2530 ι
1677 2496 1699 2530 i.
1717 2505 1788 2530 ras.

127 2561 172 2584 m.
199 2553 218 2585 2
241 2551 275 2586 V
390 2549 696 2597 διακρούσεσθαι]
722 2553 866 2587 Bekker
890 2550 1189 2599 διακρούσασθαι
1215 2552 1316 2587 codd.
1343 2552 1530 2597 depulsum
1561 2551 1608 2585 z‘re'
1629 2550 1701 2585 Lat

129 2603 259 2648 νόσον]
283 2602 503 2654 ἀρρωστίαν
527 2607 626 2643 LVR
745 2611 786 2644 14
810 2606 1047 2655 πραγμάτων
1071 2604 1276 2654 ἀψάμενοσ
1300 2611 1343 2642 tr.
1369 2608 1397 2642 P
1504 2612 1703 2654 στρατιαῐσ
1727 2607 1789 2641 PA

131 2697 328 2741 στρατίαισ
343 2696 406 2731 Rc
501 2700 540 2732 15
565 2679 719 2734 ἐπιλῐοὺσ
743 2699 773 2733 L
799 2696 952 2735 ἐπιδοὺσ
976 2699 1042 2734 VR
1161 2702 1201 2733 16
1227 2694 1611 2743 ἀπήλλαξεν-γοῦν]
1637 2697 1790 2732 moritur

130 2750 200 2786 Lat
290 2750 631 2798 ἀναστρεφόμενοσ
647 2755 679 2790 V
774 2758 813 2788 17
841 2751 948 2796 ἑπτὰ]
973 2766 1041 2790 sex
1057 2755 1134 2798 Heg
1226 2752 1344 2790 εἴκοσι
1361 2753 1438 2787 P¹L
1464 2753 1614 2798 triqe'nta
1630 2752 1701 2787 Lat

132 2803 206 2852 ἔτη]
231 2804 284 2843 ἔτι
309 2807 363 2875 (3²C
471 2812 509 2844 18
534 2810 558 2846 i.
583 2820 692 2854 marg.
719 2807 767 2846 ια’
792 2811 824 2845 V
968 2815 1004 2846 19
1029 2805 1182 2855 μάλιστ’
1210 2807 1269 2851 ἄν]
1294 2807 1456 2854 μάλιστα
1481 2809 1509 2843 Ρ
1533 2807 1696 2853 μάλιστα
1723 2811 1789 2845 νῦν

133 2894 259 2930 LVRC
344 2877 560 2935 Ῑἐπακοῦσαι
585 2899 615 2933 L
639 2898 850 2936 ἐπακοῦσαι
874 2901 907 2935 V
999 2902 1041 2934 ’ΖΟ
1067 2895 1306 2936 α’ποδέουσαν
1330 2900 1376 2935 V¹

1820 258 1897 297 103

1820 462 1897 499 104

1822 666 1897 704 105

1822 1003 1899 1041 106

1823 1408 1899 1446 107
