<?xml version="1.0" encoding="UTF-8"?>
<!DOCTYPE html PUBLIC "-//W3C//DTD XHTML 1.0 Transitional//EN"
    "http://www.w3.org/TR/xhtml1/DTD/xhtml1-transitional.dtd">
<html xmlns="http://www.w3.org/1999/xhtml" xml:lang="en" lang="en">
 <head>
  <title>
</title>
<meta http-equiv="Content-Type" content="text/html;charset=utf-8" />
  <meta name='ocr-system' content='tesseract 3.04.00' />
  <meta name='ocr-capabilities' content='ocr_page ocr_carea ocr_par ocr_line ocrx_word'/>
</head>
<body>
  <div class='ocr_page' id='page_1' title='image "./operajosephus06joseuoft_0639.png"; bbox 0 0 2039 3251; ppageno 0'>
   <div class='ocr_carea' id='block_1_1' title="bbox 31 862 67 894">
    <p class='ocr_par' dir='ltr' id='par_1_1' title="bbox 31 862 67 894">
     <span class='ocr_line' id='line_1_1' title="bbox 31 862 67 894; baseline 0 0"><span class='ocrx_word' id='word_1_1' title='bbox 31 862 67 894; x_wconf 89' lang='lat'><em>10</em></span> 
     </span>
    </p>
   </div>
   <div class='ocr_carea' id='block_1_2' title="bbox 31 1199 65 1231">
    <p class='ocr_par' dir='ltr' id='par_1_2' title="bbox 31 1199 65 1231">
     <span class='ocr_line' id='line_1_2' title="bbox 31 1199 65 1231; baseline 0 0"><span class='ocrx_word' id='word_1_2' title='bbox 31 1199 65 1231; x_wconf 80' lang='grc'><em>15</em></span> 
     </span>
    </p>
   </div>
   <div class='ocr_carea' id='block_1_3' title="bbox 29 1535 65 1568">
    <p class='ocr_par' dir='ltr' id='par_1_3' title="bbox 29 1535 65 1568">
     <span class='ocr_line' id='line_1_3' title="bbox 29 1535 65 1568; baseline 0.028 -1"><span class='ocrx_word' id='word_1_3' title='bbox 29 1535 65 1568; x_wconf 84' lang='grc'><em>20</em></span> 
     </span>
    </p>
   </div>
   <div class='ocr_carea' id='block_1_4' title="bbox 433 131 1761 174">
    <p class='ocr_par' dir='ltr' id='par_1_4' title="bbox 433 131 1761 174">
     <span class='ocr_line' id='line_1_4' title="bbox 433 131 1761 174; baseline -0.005 -8"><span class='ocrx_word' id='word_1_4' title='bbox 433 132 500 166; x_wconf 90' lang='lat' dir='ltr'><em>DE</em></span> <span class='ocrx_word' id='word_1_5' title='bbox 526 131 684 166; x_wconf 83' lang='lat' dir='ltr'>BELLO</span> <span class='ocrx_word' id='word_1_6' title='bbox 710 131 805 166; x_wconf 91' lang='lat' dir='ltr'><strong>IUD.</strong></span> <span class='ocrx_word' id='word_1_7' title='bbox 832 131 880 166; x_wconf 89' lang='lat' dir='ltr'><em>VI</em></span> <span class='ocrx_word' id='word_1_8' title='bbox 907 134 1085 166; x_wconf 76' lang='lat'>350-358</span> <span class='ocrx_word' id='word_1_9' title='bbox 1111 135 1157 174; x_wconf 78' lang='lat' dir='ltr'><em>(vl</em></span> <span class='ocrx_word' id='word_1_10' title='bbox 1186 136 1280 162; x_wconf 69' lang='lat'>2—⁴.</span> <span class='ocrx_word' id='word_1_11' title='bbox 1308 135 1352 162; x_wconf 84' lang='lat' dir='ltr'><em>vu</em></span> <span class='ocrx_word' id='word_1_12' title='bbox 1384 135 1412 173; x_wconf 85' lang='grc' dir='ltr'><em>ι)</em></span> <span class='ocrx_word' id='word_1_13' title='bbox 1683 133 1761 169; x_wconf 78' lang='grc'><em>559</em></span> 
     </span>
    </p>
   </div>
   <div class='ocr_carea' id='block_1_5' title="bbox 95 240 1764 1924">
    <p class='ocr_par' dir='ltr' id='par_1_5' title="bbox 95 240 1763 367">
     <span class='ocr_line' id='line_1_5' title="bbox 95 240 1763 301; baseline 0.001 -15"><span class='ocrx_word' id='word_1_14' title='bbox 95 244 329 299; x_wconf 72' lang='grc' dir='ltr'><em>χαρίζομαι</em></span> <span class='ocrx_word' id='word_1_15' title='bbox 360 244 409 287; x_wconf 79' lang='grc' dir='ltr'><em>τὸ</em></span> <span class='ocrx_word' id='word_1_16' title='bbox 436 244 520 301; x_wconf 71' lang='grc' dir='ltr'><em>ζῆν,</em></span> <span class='ocrx_word' id='word_1_17' title='bbox 554 240 706 298; x_wconf 68' lang='grc' dir='ltr'><em>ὥσπερ</em></span> <span class='ocrx_word' id='word_1_18' title='bbox 739 244 782 285; x_wconf 73' lang='grc' dir='ltr'><em>ἐν</em></span> <span class='ocrx_word' id='word_1_19' title='bbox 805 244 922 301; x_wconf 69' lang='grc' dir='ltr'><em>οἰκίᾳ</em></span> <span class='ocrx_word' id='word_1_20' title='bbox 953 247 1096 300; x_wconf 68' lang='grc' dir='ltr'><em>πρᾷος</em></span> <span class='ocrx_word' id='word_1_21' title='bbox 1119 240 1339 300; x_wconf 64' lang='grc' dir='ltr'><em>δεσπότης</em></span> <span class='ocrx_word' id='word_1_22' title='bbox 1371 243 1524 298; x_wconf 75' lang='grc' dir='ltr'><em>τὰμὲν</em></span> <span class='ocrx_word' id='word_1_23' title='bbox 1548 241 1763 301; x_wconf 78' lang='grc' dir='ltr'><em>ἀνήκεστα</em></span> 
     </span>
     <span class='ocr_line' id='line_1_6' title="bbox 98 310 1072 367; baseline 0 -13"><span class='ocrx_word' id='word_1_24' title='bbox 98 312 302 363; x_wconf 80' lang='grc' dir='ltr'><em>κολάσας,</em></span> <span class='ocrx_word' id='word_1_25' title='bbox 335 311 389 354; x_wconf 81' lang='grc' dir='ltr'><em>τὰ</em></span> <span class='ocrx_word' id='word_1_26' title='bbox 423 312 468 354; x_wconf 77' lang='grc' dir='ltr'><em>δὲ</em></span> <span class='ocrx_word' id='word_1_27' title='bbox 501 310 638 354; x_wconf 73' lang='grc' dir='ltr'><em>λοιπά</em></span> <span class='ocrx_word' id='word_1_28' title='bbox 672 311 822 363; x_wconf 83' lang='grc' dir='ltr'><em>σώζων</em></span> <span class='ocrx_word' id='word_1_29' title='bbox 855 311 1072 367; x_wconf 70' lang='grc' dir='ltr'><em>ε’μαυτῷ.“</em></span> 
     </span>
    </p>

    <p class='ocr_par' dir='ltr' id='par_1_6' title="bbox 96 374 1763 1381">
     <span class='ocr_line' id='line_1_7' title="bbox 211 374 1755 434; baseline -0.001 -12"><span class='ocrx_word' id='word_1_30' title='bbox 211 384 247 422; x_wconf 89' lang='grc'><em>3.</em></span> <span class='ocrx_word' id='word_1_31' title='bbox 289 379 411 434; x_wconf 81' lang='grc' dir='ltr'><em>Πρὸς</em></span> <span class='ocrx_word' id='word_1_32' title='bbox 449 382 587 421; x_wconf 80' lang='grc' dir='ltr'><em>ταῦτα</em></span> <span class='ocrx_word' id='word_1_33' title='bbox 628 376 945 434; x_wconf 66' lang='grc' dir='ltr'><em>ἀποκρίνονται</em></span> <span class='ocrx_word' id='word_1_34' title='bbox 986 378 1134 429; x_wconf 77' lang='grc' dir='ltr'><em>δεξιὰν</em></span> <span class='ocrx_word' id='word_1_35' title='bbox 1171 380 1250 432; x_wconf 75' lang='grc' dir='ltr'><em>μὲν</em></span> <span class='ocrx_word' id='word_1_36' title='bbox 1289 379 1345 434; x_wconf 80' lang='grc' dir='ltr'><em>μή</em></span> <span class='ocrx_word' id='word_1_37' title='bbox 1382 380 1606 421; x_wconf 63' lang='grc' dir='ltr'><em>δύνασθαι</em></span> <span class='ocrx_word' id='word_1_38' title='bbox 1646 374 1755 432; x_wconf 71' lang='grc' dir='ltr'><em>παρ’</em></span> 
     </span>
     <span class='ocr_line' id='line_1_8' title="bbox 100 443 1756 504; baseline 0 -15"><span class='ocrx_word' id='word_1_39' title='bbox 100 445 233 489; x_wconf 73' lang='grc' dir='ltr'><em>αἰτοῖ·</em></span> <span class='ocrx_word' id='word_1_40' title='bbox 265 448 434 500; x_wconf 74' lang='grc' dir='ltr'><em>λαβεῖν,</em></span> <span class='ocrx_word' id='word_1_41' title='bbox 474 445 752 501; x_wconf 72' lang='grc' dir='ltr'><em>ὅμωμοκέναι</em></span> <span class='ocrx_word' id='word_1_42' title='bbox 783 447 864 501; x_wconf 81' lang='grc' dir='ltr'><em>γὰρ</em></span> <span class='ocrx_word' id='word_1_43' title='bbox 895 446 1070 503; x_wconf 84' lang='grc' dir='ltr'><em>μήποτε</em></span> <span class='ocrx_word' id='word_1_44' title='bbox 1105 449 1234 488; x_wconf 81' lang='grc' dir='ltr'><em>τοῦτο</em></span> <span class='ocrx_word' id='word_1_45' title='bbox 1267 447 1496 504; x_wconf 84' lang='grc' dir='ltr'><em>ποιήσειν,</em></span> <span class='ocrx_word' id='word_1_46' title='bbox 1537 447 1687 497; x_wconf 71' lang='grc' dir='ltr'><em>ἔξοδον</em></span> <span class='ocrx_word' id='word_1_47' title='bbox 1720 443 1756 488; x_wconf 75' lang='grc' dir='ltr'><em>δ’</em></span> 
     </span>
     <span class='ocr_line' id='line_1_9' title="bbox 96 512 1763 571; baseline 0.001 -15"><span class='ocrx_word' id='word_1_48' title='bbox 96 512 278 571; x_wconf 59' lang='grc' dir='ltr'><em>ᾐτοῦντο</em></span> <span class='ocrx_word' id='word_1_49' title='bbox 312 513 385 557; x_wconf 68' lang='grc' dir='ltr'><em>διὰ</em></span> <span class='ocrx_word' id='word_1_50' title='bbox 418 517 494 556; x_wconf 76' lang='grc' dir='ltr'><em>τοῦ</em></span> <span class='ocrx_word' id='word_1_51' title='bbox 528 518 913 568; x_wconf 68' lang='grc' dir='ltr'><em>περιτειχίσματος</em></span> <span class='ocrx_word' id='word_1_52' title='bbox 942 513 1053 567; x_wconf 78' lang='grc' dir='ltr'><em>μετὰ</em></span> <span class='ocrx_word' id='word_1_53' title='bbox 1084 516 1300 569; x_wconf 72' lang='grc' dir='ltr'><em>γυναικῶν</em></span> <span class='ocrx_word' id='word_1_54' title='bbox 1331 517 1403 557; x_wconf 82' lang='grc' dir='ltr'><em>καὶ</em></span> <span class='ocrx_word' id='word_1_55' title='bbox 1435 518 1617 556; x_wconf 82' lang='grc' dir='ltr'><em>τέκνων·</em></span> <span class='ocrx_word' id='word_1_56' title='bbox 1651 512 1763 557; x_wconf 88' lang='grc' dir='ltr'><em>άπε-</em></span> 
     </span>
     <span class='ocr_line' id='line_1_10' title="bbox 99 579 1761 638; baseline 0.001 -15"><span class='ocrx_word' id='word_1_57' title='bbox 99 583 339 625; x_wconf 67' lang='grc' dir='ltr'><em>λευσεσθαι</em></span> <span class='ocrx_word' id='word_1_58' title='bbox 377 581 458 637; x_wconf 76' lang='grc' dir='ltr'><em>γάρ</em></span> <span class='ocrx_word' id='word_1_59' title='bbox 491 581 553 631; x_wconf 86' lang='grc' dir='ltr'><em>εἰς</em></span> <span class='ocrx_word' id='word_1_60' title='bbox 583 580 661 636; x_wconf 56' lang='grc' dir='ltr'><em>τήν</em></span> <span class='ocrx_word' id='word_1_61' title='bbox 703 581 863 637; x_wconf 68' lang='grc' dir='ltr'><em>ἔρημον</em></span> <span class='ocrx_word' id='word_1_62' title='bbox 902 583 974 623; x_wconf 81' lang='grc' dir='ltr'><em>καὶ</em></span> <span class='ocrx_word' id='word_1_63' title='bbox 1014 582 1300 635; x_wconf 72' lang='grc' dir='ltr'><em>καταλείψειν</em></span> <span class='ocrx_word' id='word_1_64' title='bbox 1342 579 1461 638; x_wconf 72' lang='grc' dir='ltr'><em>αι’τῷ</em></span> <span class='ocrx_word' id='word_1_65' title='bbox 1499 582 1577 638; x_wconf 64' lang='grc' dir='ltr'><em>τήν</em></span> <span class='ocrx_word' id='word_1_66' title='bbox 1616 583 1761 625; x_wconf 79' lang='grc' dir='ltr'><em>πόλιν.</em></span> 
     </span>
     <span class='ocr_line' id='line_1_11' title="bbox 99 645 1762 706; baseline 0 -14"><span class='ocrx_word' id='word_1_67' title='bbox 99 649 210 705; x_wconf 80' lang='grc' dir='ltr'><em>πρὸς</em></span> <span class='ocrx_word' id='word_1_68' title='bbox 240 652 378 692; x_wconf 73' lang='grc' dir='ltr'><em>ταῦτα</em></span> <span class='ocrx_word' id='word_1_69' title='bbox 411 645 713 706; x_wconf 71' lang='grc' dir='ltr'><em>ἀγανακτήσας</em></span> <span class='ocrx_word' id='word_1_70' title='bbox 749 653 891 699; x_wconf 84' lang='grc' dir='ltr'><em>Τίτος,</em></span> <span class='ocrx_word' id='word_1_71' title='bbox 926 648 964 690; x_wconf 81' lang='grc' dir='ltr'><em>εἰ</em></span> <span class='ocrx_word' id='word_1_72' title='bbox 995 648 1123 705; x_wconf 72' lang='grc' dir='ltr'><em>τύχην</em></span> <span class='ocrx_word' id='word_1_73' title='bbox 1154 648 1411 692; x_wconf 73' lang='grc' dir='ltr'><em>ἑαλωκότων</em></span> <span class='ocrx_word' id='word_1_74' title='bbox 1442 651 1610 703; x_wconf 72' lang='grc' dir='ltr'><em>ἔχοντες</em></span> <span class='ocrx_word' id='word_1_75' title='bbox 1643 651 1762 705; x_wconf 77' lang='grc' dir='ltr'><em>αἶρέ-</em></span> 
     </span>
     <span class='ocr_line' id='line_1_12' title="bbox 99 714 1761 773; baseline 0 -13"><span class='ocrx_word' id='word_1_76' title='bbox 99 733 190 768; x_wconf 86' lang='grc' dir='ltr'><em>σεις</em></span> <span class='ocrx_word' id='word_1_77' title='bbox 223 714 341 773; x_wconf 72' lang='grc' dir='ltr'><em>αὐτῷ</em></span> <span class='ocrx_word' id='word_1_78' title='bbox 372 720 656 771; x_wconf 76' lang='grc' dir='ltr'><em>προτείνουσι</em></span> <span class='ocrx_word' id='word_1_79' title='bbox 687 715 983 772; x_wconf 80' lang='grc' dir='ltr'><em>νενικηκότων,</em></span> <span class='ocrx_word' id='word_1_80' title='bbox 1016 718 1195 772; x_wconf 68' lang='grc' dir='ltr'><em>κηρῦςαι</em></span> <span class='ocrx_word' id='word_1_81' title='bbox 1226 718 1305 771; x_wconf 76' lang='grc' dir='ltr'><em>μὲν</em></span> <span class='ocrx_word' id='word_1_82' title='bbox 1337 717 1556 760; x_wconf 74' lang='grc' dir='ltr'><em>ἐκέλευσεν</em></span> <span class='ocrx_word' id='word_1_83' title='bbox 1589 718 1651 768; x_wconf 84' lang='grc' dir='ltr'><em>εἷς</em></span> <span class='ocrx_word' id='word_1_84' title='bbox 1684 715 1761 760; x_wconf 73' lang='grc' dir='ltr'><em>αι’·-</em></span> 
     </span>
     <span class='ocr_line' id='line_1_13' title="bbox 97 780 1762 841; baseline 0 -14"><span class='ocrx_word' id='word_1_85' title='bbox 97 785 199 835; x_wconf 67' lang='grc' dir='ltr'><em>τοιῗς</em></span> <span class='ocrx_word' id='word_1_86' title='bbox 229 785 339 841; x_wconf 67' lang='grc' dir='ltr'><em>μήτε</em></span> <span class='ocrx_word' id='word_1_87' title='bbox 371 780 629 837; x_wconf 72' lang='grc' dir='ltr'><em>αὗτομολεῐν</em></span> <span class='ocrx_word' id='word_1_88' title='bbox 653 783 718 826; x_wconf 70' lang='grc' dir='ltr'><em>ἔτι</em></span> <span class='ocrx_word' id='word_1_89' title='bbox 738 783 848 839; x_wconf 76' lang='grc' dir='ltr'><em>μήτε</em></span> <span class='ocrx_word' id='word_1_90' title='bbox 879 782 1026 833; x_wconf 78' lang='grc' dir='ltr'><em>δεξιάν</em></span> <span class='ocrx_word' id='word_1_91' title='bbox 1058 783 1264 836; x_wconf 78' lang='grc' dir='ltr'><em>ἐλπίζειν,</em></span> <span class='ocrx_word' id='word_1_92' title='bbox 1299 789 1544 840; x_wconf 68' lang='grc' dir='ltr'><em>φείσεσθαι</em></span> <span class='ocrx_word' id='word_1_93' title='bbox 1574 784 1655 840; x_wconf 80' lang='grc' dir='ltr'><em>γὰρ</em></span> <span class='ocrx_word' id='word_1_94' title='bbox 1688 781 1762 827; x_wconf 75' lang='grc' dir='ltr'><em>οὖ-</em></span> 
     </span>
     <span class='ocr_line' id='line_1_14' title="bbox 100 847 1762 908; baseline -0.001 -12"><span class='ocrx_word' id='word_1_95' title='bbox 100 853 243 905; x_wconf 76' lang='grc' dir='ltr'><em>δενός,</em></span> <span class='ocrx_word' id='word_1_96' title='bbox 277 849 389 895; x_wconf 72' lang='grc' dir='ltr'><em>ἀλλὰ</em></span> <span class='ocrx_word' id='word_1_97' title='bbox 421 852 542 908; x_wconf 83' lang='grc' dir='ltr'><em>πάσῃ</em></span> <span class='ocrx_word' id='word_1_98' title='bbox 576 851 759 905; x_wconf 86' lang='grc' dir='ltr'><em>δυνάμει</em></span> <span class='ocrx_word' id='word_1_99' title='bbox 793 850 1021 905; x_wconf 70' lang='grc' dir='ltr'><em>μάχεσθαι</em></span> <span class='ocrx_word' id='word_1_100' title='bbox 1051 853 1124 894; x_wconf 84' lang='grc' dir='ltr'><em>καὶ</em></span> <span class='ocrx_word' id='word_1_101' title='bbox 1157 852 1313 903; x_wconf 90' lang='grc' dir='ltr'><em>σώζειν</em></span> <span class='ocrx_word' id='word_1_102' title='bbox 1345 852 1526 902; x_wconf 70' lang='grc' dir='ltr'><em>ἑαυτοὺς</em></span> <span class='ocrx_word' id='word_1_103' title='bbox 1557 853 1681 903; x_wconf 78' lang='grc' dir='ltr'><em>ὅπως</em></span> <span class='ocrx_word' id='word_1_104' title='bbox 1710 847 1762 895; x_wconf 66' lang='grc' dir='ltr'><em>ἂν</em></span> 
     </span>
     <span class='ocr_line' id='line_1_15' title="bbox 99 915 1761 977; baseline 0.001 -15"><span class='ocrx_word' id='word_1_105' title='bbox 99 920 335 963; x_wconf 76' lang='grc' dir='ltr'><em>δύνωνται·</em></span> <span class='ocrx_word' id='word_1_106' title='bbox 378 919 526 961; x_wconf 86' lang='grc' dir='ltr'><em>πάντα</em></span> <span class='ocrx_word' id='word_1_107' title='bbox 556 918 638 974; x_wconf 80' lang='grc' dir='ltr'><em>γὰρ</em></span> <span class='ocrx_word' id='word_1_108' title='bbox 671 915 804 969; x_wconf 77' lang='grc' dir='ltr'><em>αίτὸς</em></span> <span class='ocrx_word' id='word_1_109' title='bbox 834 915 914 976; x_wconf 78' lang='grc' dir='ltr'><em>ἤδη</em></span> <span class='ocrx_word' id='word_1_110' title='bbox 950 919 1136 974; x_wconf 75' lang='grc' dir='ltr'><em>πράξειν</em></span> <span class='ocrx_word' id='word_1_111' title='bbox 1177 921 1375 974; x_wconf 82' lang='grc' dir='ltr'><em>πολέμου</em></span> <span class='ocrx_word' id='word_1_112' title='bbox 1408 920 1550 977; x_wconf 79' lang='grc' dir='ltr'><em>νόμῳ·</em></span> <span class='ocrx_word' id='word_1_113' title='bbox 1590 930 1684 971; x_wconf 91' lang='grc' dir='ltr'><em>τοῖς</em></span> <span class='ocrx_word' id='word_1_114' title='bbox 1717 921 1761 964; x_wconf 76' lang='grc' dir='ltr'><em>δὲ</em></span> 
     </span>
     <span class='ocr_line' id='line_1_16' title="bbox 98 986 1760 1045; baseline 0.001 -15"><span class='ocrx_word' id='word_1_115' title='bbox 98 987 391 1043; x_wconf 83' lang='grc' dir='ltr'><em>στρατιώταις</em></span> <span class='ocrx_word' id='word_1_116' title='bbox 421 986 701 1043; x_wconf 74' lang='grc' dir='ltr'><em>ἐμπιπράναι</em></span> <span class='ocrx_word' id='word_1_117' title='bbox 731 989 803 1029; x_wconf 81' lang='grc' dir='ltr'><em>καὶ</em></span> <span class='ocrx_word' id='word_1_118' title='bbox 837 986 1099 1042; x_wconf 69' lang='grc' dir='ltr'><em>διαρπάζειν</em></span> <span class='ocrx_word' id='word_1_119' title='bbox 1131 987 1378 1044; x_wconf 75' lang='grc' dir='ltr'><em>ἐπέτρεψεν</em></span> <span class='ocrx_word' id='word_1_120' title='bbox 1408 988 1486 1045; x_wconf 82' lang='grc' dir='ltr'><em>τήν</em></span> <span class='ocrx_word' id='word_1_121' title='bbox 1519 987 1665 1030; x_wconf 84' lang='grc' dir='ltr'><em>πόλιν.</em></span> <span class='ocrx_word' id='word_1_122' title='bbox 1718 989 1760 1031; x_wconf 80' lang='grc' dir='ltr'><em>οἱ</em></span> 
     </span>
     <span class='ocr_line' id='line_1_17' title="bbox 98 1052 1762 1113; baseline 0.001 -16"><span class='ocrx_word' id='word_1_123' title='bbox 98 1055 144 1097; x_wconf 79' lang='grc' dir='ltr'><em>δὲ</em></span> <span class='ocrx_word' id='word_1_124' title='bbox 176 1054 339 1112; x_wconf 75' lang='grc' dir='ltr'><em>ἐκείνην</em></span> <span class='ocrx_word' id='word_1_125' title='bbox 369 1054 448 1109; x_wconf 78' lang='grc' dir='ltr'><em>μὲν</em></span> <span class='ocrx_word' id='word_1_126' title='bbox 478 1053 661 1107; x_wconf 75' lang='grc' dir='ltr'><em>ἐπέσχον</em></span> <span class='ocrx_word' id='word_1_127' title='bbox 691 1053 769 1112; x_wconf 82' lang='grc' dir='ltr'><em>τήν</em></span> <span class='ocrx_word' id='word_1_128' title='bbox 800 1052 984 1112; x_wconf 83' lang='grc' dir='ltr'><em>ἡμέραν,</em></span> <span class='ocrx_word' id='word_1_129' title='bbox 1024 1058 1077 1111; x_wconf 78' lang='grc' dir='ltr'><em>τῇ</em></span> <span class='ocrx_word' id='word_1_130' title='bbox 1110 1055 1156 1098; x_wconf 81' lang='grc' dir='ltr'><em>δὲ</em></span> <span class='ocrx_word' id='word_1_131' title='bbox 1186 1052 1400 1113; x_wconf 72' lang='grc' dir='ltr'><em>ὑστεραίᾳ</em></span> <span class='ocrx_word' id='word_1_132' title='bbox 1429 1056 1478 1098; x_wconf 85' lang='grc' dir='ltr'><em>τό</em></span> <span class='ocrx_word' id='word_1_133' title='bbox 1510 1073 1558 1098; x_wconf 82' lang='grc' dir='ltr'><em>τε</em></span> <span class='ocrx_word' id='word_1_134' title='bbox 1590 1052 1762 1110; x_wconf 72' lang='grc' dir='ltr'><em>ἀρχεῖον</em></span> 
     </span>
     <span class='ocr_line' id='line_1_18' title="bbox 96 1118 1763 1180; baseline 0.001 -15"><span class='ocrx_word' id='word_1_135' title='bbox 96 1125 168 1166; x_wconf 82' lang='grc' dir='ltr'><em>καὶ</em></span> <span class='ocrx_word' id='word_1_136' title='bbox 209 1121 286 1179; x_wconf 79' lang='grc' dir='ltr'><em>τὴν</em></span> <span class='ocrx_word' id='word_1_137' title='bbox 329 1118 464 1177; x_wconf 70' lang='grc' dir='ltr'><em>ἄκραν</em></span> <span class='ocrx_word' id='word_1_138' title='bbox 502 1124 573 1164; x_wconf 81' lang='grc' dir='ltr'><em>καὶ</em></span> <span class='ocrx_word' id='word_1_139' title='bbox 614 1121 663 1164; x_wconf 81' lang='grc' dir='ltr'><em>τὸ</em></span> <span class='ocrx_word' id='word_1_140' title='bbox 703 1121 1015 1179; x_wconf 79' lang='grc' dir='ltr'><em>βουλευτήριον</em></span> <span class='ocrx_word' id='word_1_141' title='bbox 1060 1125 1132 1167; x_wconf 85' lang='grc' dir='ltr'><em>καὶ</em></span> <span class='ocrx_word' id='word_1_142' title='bbox 1171 1123 1248 1166; x_wconf 83' lang='grc' dir='ltr'><em>τὸν</em></span> <span class='ocrx_word' id='word_1_143' title='bbox 1286 1120 1450 1180; x_wconf 81' lang='grc' dir='ltr'><em>Ὀφλᾶν</em></span> <span class='ocrx_word' id='word_1_144' title='bbox 1495 1123 1763 1178; x_wconf 78' lang='grc' dir='ltr'><em>καλούμενον</em></span> 
     </span>
     <span class='ocr_line' id='line_1_19' title="bbox 97 1187 1757 1247; baseline 0.001 -15"><span class='ocrx_word' id='word_1_145' title='bbox 97 1187 304 1246; x_wconf 70' lang='grc' dir='ltr'><em>ὑφῆψαν·</em></span> <span class='ocrx_word' id='word_1_146' title='bbox 336 1192 408 1233; x_wconf 88' lang='grc' dir='ltr'><em>καὶ</em></span> <span class='ocrx_word' id='word_1_147' title='bbox 441 1189 671 1245; x_wconf 78' lang='grc' dir='ltr'><em>προύκοψε</em></span> <span class='ocrx_word' id='word_1_148' title='bbox 700 1188 749 1231; x_wconf 80' lang='grc' dir='ltr'><em>τὸ</em></span> <span class='ocrx_word' id='word_1_149' title='bbox 783 1192 870 1244; x_wconf 76' lang='grc' dir='ltr'><em>πῦρ</em></span> <span class='ocrx_word' id='word_1_150' title='bbox 902 1193 1027 1245; x_wconf 83' lang='grc' dir='ltr'><em>μέχρι</em></span> <span class='ocrx_word' id='word_1_151' title='bbox 1058 1192 1145 1232; x_wconf 79' lang='grc' dir='ltr'><em>τῶν</em></span> <span class='ocrx_word' id='word_1_152' title='bbox 1171 1187 1344 1247; x_wconf 82' lang='grc' dir='ltr'><em>Ἑλένης</em></span> <span class='ocrx_word' id='word_1_153' title='bbox 1372 1193 1623 1246; x_wconf 75' lang='grc' dir='ltr'><em>βασιλείων,</em></span> <span class='ocrx_word' id='word_1_154' title='bbox 1658 1191 1684 1233; x_wconf 77' lang='grc' dir='ltr'><em>ἃ</em></span> <span class='ocrx_word' id='word_1_155' title='bbox 1708 1190 1757 1246; x_wconf 71' lang='grc' dir='ltr'><em>δή</em></span> 
     </span>
     <span class='ocr_line' id='line_1_20' title="bbox 96 1247 1762 1314; baseline 0.002 -15"><span class='ocrx_word' id='word_1_156' title='bbox 96 1256 206 1299; x_wconf 84' lang='grc' dir='ltr'><em>κατὰ</em></span> <span class='ocrx_word' id='word_1_157' title='bbox 245 1259 382 1314; x_wconf 90' lang='grc' dir='ltr'><em>μέσην</em></span> <span class='ocrx_word' id='word_1_158' title='bbox 418 1257 496 1314; x_wconf 82' lang='grc' dir='ltr'><em>τὴν</em></span> <span class='ocrx_word' id='word_1_159' title='bbox 527 1254 662 1313; x_wconf 69' lang='grc' dir='ltr'><em>ἄκραν</em></span> <span class='ocrx_word' id='word_1_160' title='bbox 697 1247 765 1314; x_wconf 59' lang='grc' dir='ltr'><em>ἧν.</em></span> <span class='ocrx_word' id='word_1_161' title='bbox 806 1257 1004 1300; x_wconf 75' lang='grc' dir='ltr'><em>ἐκαίοντο</em></span> <span class='ocrx_word' id='word_1_162' title='bbox 1038 1257 1083 1299; x_wconf 79' lang='grc' dir='ltr'><em>δὲ</em></span> <span class='ocrx_word' id='word_1_163' title='bbox 1115 1258 1158 1300; x_wconf 81' lang='grc' dir='ltr'><em>οἱ</em></span> <span class='ocrx_word' id='word_1_164' title='bbox 1190 1261 1412 1302; x_wconf 85' lang='grc' dir='ltr'><em>στενωποὶ</em></span> <span class='ocrx_word' id='word_1_165' title='bbox 1442 1261 1515 1302; x_wconf 85' lang='grc' dir='ltr'><em>καὶ</em></span> <span class='ocrx_word' id='word_1_166' title='bbox 1548 1260 1593 1301; x_wconf 79' lang='grc' dir='ltr'><em>αἱ</em></span> <span class='ocrx_word' id='word_1_167' title='bbox 1625 1259 1762 1302; x_wconf 84' lang='grc' dir='ltr'><em>οἰκίαι</em></span> 
     </span>
     <span class='ocr_line' id='line_1_21' title="bbox 98 1321 1249 1381; baseline 0.002 -15"><span class='ocrx_word' id='word_1_168' title='bbox 98 1326 257 1379; x_wconf 78' lang='grc' dir='ltr'><em>νεκρῶν</em></span> <span class='ocrx_word' id='word_1_169' title='bbox 288 1321 374 1367; x_wconf 73' lang='grc' dir='ltr'><em>ὑπὸ</em></span> <span class='ocrx_word' id='word_1_170' title='bbox 408 1327 485 1366; x_wconf 80' lang='grc' dir='ltr'><em>τοῦ</em></span> <span class='ocrx_word' id='word_1_171' title='bbox 517 1326 645 1378; x_wconf 81' lang='grc' dir='ltr'><em>λιμοῦ</em></span> <span class='ocrx_word' id='word_1_172' title='bbox 678 1325 1020 1380; x_wconf 74' lang='grc' dir='ltr'><em>διεφθαρμένων</em></span> <span class='ocrx_word' id='word_1_173' title='bbox 1052 1325 1249 1381; x_wconf 81' lang='grc' dir='ltr'><em>πλήρεις.</em></span> 
     </span>
    </p>

    <p class='ocr_par' dir='ltr' id='par_1_7' title="bbox 96 1389 1764 1856">
     <span class='ocr_line' id='line_1_22' title="bbox 211 1389 1760 1448; baseline 0.001 -15"><span class='ocrx_word' id='word_1_174' title='bbox 211 1397 248 1434; x_wconf 81' lang='lat'><em>4.</em></span> <span class='ocrx_word' id='word_1_175' title='bbox 290 1391 417 1434; x_wconf 80' lang='grc' dir='ltr'><em>Κατὰ</em></span> <span class='ocrx_word' id='word_1_176' title='bbox 456 1392 616 1448; x_wconf 75' lang='grc' dir='ltr'><em>ταύτην</em></span> <span class='ocrx_word' id='word_1_177' title='bbox 655 1391 734 1448; x_wconf 79' lang='grc' dir='ltr'><em>τήν</em></span> <span class='ocrx_word' id='word_1_178' title='bbox 772 1389 939 1447; x_wconf 77' lang='grc' dir='ltr'><em>ἡμέραν</em></span> <span class='ocrx_word' id='word_1_179' title='bbox 973 1392 1019 1435; x_wconf 80' lang='grc' dir='ltr'><em>οἵ</em></span> <span class='ocrx_word' id='word_1_180' title='bbox 1046 1409 1092 1435; x_wconf 88' lang='grc' dir='ltr'><em>τε</em></span> <span class='ocrx_word' id='word_1_181' title='bbox 1118 1389 1280 1445; x_wconf 81' lang='grc' dir='ltr'><em>Ἰζάτου</em></span> <span class='ocrx_word' id='word_1_182' title='bbox 1318 1395 1538 1448; x_wconf 80' lang='grc' dir='ltr'><em>βασιλέως</em></span> <span class='ocrx_word' id='word_1_183' title='bbox 1569 1394 1658 1436; x_wconf 80' lang='grc' dir='ltr'><em>υἱοὶ</em></span> <span class='ocrx_word' id='word_1_184' title='bbox 1690 1394 1760 1435; x_wconf 81' lang='grc' dir='ltr'><em>καὶ</em></span> 
     </span>
     <span class='ocr_line' id='line_1_23' title="bbox 99 1455 1763 1518; baseline 0.001 -16"><span class='ocrx_word' id='word_1_185' title='bbox 99 1455 299 1516; x_wconf 75' lang='grc' dir='ltr'><em>ἀδελφοί,</em></span> <span class='ocrx_word' id='word_1_186' title='bbox 331 1458 445 1515; x_wconf 82' lang='grc' dir='ltr'><em>πρὸς</em></span> <span class='ocrx_word' id='word_1_187' title='bbox 467 1459 532 1509; x_wconf 81' lang='grc' dir='ltr'><em>οἷς</em></span> <span class='ocrx_word' id='word_1_188' title='bbox 554 1459 714 1502; x_wconf 84' lang='grc' dir='ltr'><em>πολλοὶ</em></span> <span class='ocrx_word' id='word_1_189' title='bbox 736 1461 822 1502; x_wconf 75' lang='grc' dir='ltr'><em>τῶν</em></span> <span class='ocrx_word' id='word_1_190' title='bbox 845 1458 1076 1516; x_wconf 76' lang='grc' dir='ltr'><em>ἐπισήμων</em></span> <span class='ocrx_word' id='word_1_191' title='bbox 1108 1461 1309 1518; x_wconf 78' lang='grc' dir='ltr'><em>δημοτῶν</em></span> <span class='ocrx_word' id='word_1_192' title='bbox 1340 1461 1428 1505; x_wconf 74' lang='grc' dir='ltr'><em>ἐκεῖ</em></span> <span class='ocrx_word' id='word_1_193' title='bbox 1459 1461 1763 1513; x_wconf 63' lang='grc' dir='ltr'><em>συνελθόντες,</em></span> 
     </span>
     <span class='ocr_line' id='line_1_24' title="bbox 100 1524 1764 1585; baseline 0.001 -15"><span class='ocrx_word' id='word_1_194' title='bbox 100 1528 323 1570; x_wconf 77' lang='grc' dir='ltr'><em>ἱκέτευσαν</em></span> <span class='ocrx_word' id='word_1_195' title='bbox 355 1531 562 1583; x_wconf 87' lang='grc' dir='ltr'><em>Καίσαρα</em></span> <span class='ocrx_word' id='word_1_196' title='bbox 594 1527 747 1569; x_wconf 77' lang='grc' dir='ltr'><em>δοῦναι</em></span> <span class='ocrx_word' id='word_1_197' title='bbox 778 1526 925 1577; x_wconf 80' lang='grc' dir='ltr'><em>δεξιὰν</em></span> <span class='ocrx_word' id='word_1_198' title='bbox 959 1524 1121 1578; x_wconf 70' lang='grc' dir='ltr'><em>αὐτοῖς.</em></span> <span class='ocrx_word' id='word_1_199' title='bbox 1172 1526 1194 1571; x_wconf 83' lang='grc' dir='ltr'>ὁ</span> <span class='ocrx_word' id='word_1_200' title='bbox 1220 1529 1267 1571; x_wconf 82' lang='grc' dir='ltr'><em>δὲ</em></span> <span class='ocrx_word' id='word_1_201' title='bbox 1288 1533 1434 1571; x_wconf 81' lang='grc' dir='ltr'><em>καίτοι</em></span> <span class='ocrx_word' id='word_1_202' title='bbox 1457 1529 1571 1585; x_wconf 83' lang='grc' dir='ltr'><em>πρὸς</em></span> <span class='ocrx_word' id='word_1_203' title='bbox 1592 1529 1764 1577; x_wconf 88' lang='grc' dir='ltr'><em>πάντας</em></span> 
     </span>
     <span class='ocr_line' id='line_1_25' title="bbox 97 1587 1764 1653; baseline 0.002 -17"><span class='ocrx_word' id='word_1_204' title='bbox 97 1594 198 1645; x_wconf 71' lang='grc' dir='ltr'><em>τους</em></span> <span class='ocrx_word' id='word_1_205' title='bbox 229 1592 506 1645; x_wconf 66' lang='grc' dir='ltr'><em>ὑπολοίπους</em></span> <span class='ocrx_word' id='word_1_206' title='bbox 538 1595 853 1650; x_wconf 76' lang='grc' dir='ltr'><em>διωργισμένος</em></span> <span class='ocrx_word' id='word_1_207' title='bbox 884 1591 960 1637; x_wconf 74' lang='grc' dir='ltr'><em>οὖν.</em></span> <span class='ocrx_word' id='word_1_208' title='bbox 989 1592 1148 1652; x_wconf 77' lang='grc' dir='ltr'><em>ἤλλαξε</em></span> <span class='ocrx_word' id='word_1_209' title='bbox 1167 1595 1216 1639; x_wconf 85' lang='grc' dir='ltr'><em>τὸ</em></span> <span class='ocrx_word' id='word_1_210' title='bbox 1242 1587 1368 1653; x_wconf 72' lang='grc' dir='ltr'><em>ἦθος,</em></span> <span class='ocrx_word' id='word_1_211' title='bbox 1401 1597 1570 1650; x_wconf 84' lang='grc' dir='ltr'><em>δέχεται</em></span> <span class='ocrx_word' id='word_1_212' title='bbox 1595 1597 1641 1640; x_wconf 79' lang='grc' dir='ltr'><em>δὲ</em></span> <span class='ocrx_word' id='word_1_213' title='bbox 1662 1596 1764 1646; x_wconf 72' lang='grc' dir='ltr'><em>τοὺς</em></span> 
     </span>
     <span class='ocr_line' id='line_1_26' title="bbox 98 1659 1764 1719; baseline 0.002 -15"><span class='ocrx_word' id='word_1_214' title='bbox 98 1659 274 1718; x_wconf 75' lang='grc' dir='ltr'><em>ἄνδρας.</em></span> <span class='ocrx_word' id='word_1_215' title='bbox 325 1663 396 1705; x_wconf 83' lang='grc' dir='ltr'><em>καὶ</em></span> <span class='ocrx_word' id='word_1_216' title='bbox 429 1661 529 1704; x_wconf 87' lang='grc' dir='ltr'><em>τότε</em></span> <span class='ocrx_word' id='word_1_217' title='bbox 558 1663 640 1715; x_wconf 77' lang='grc' dir='ltr'><em>μὲν</em></span> <span class='ocrx_word' id='word_1_218' title='bbox 663 1661 707 1704; x_wconf 74' lang='grc' dir='ltr'><em>ἓν</em></span> <span class='ocrx_word' id='word_1_219' title='bbox 730 1664 903 1719; x_wconf 74' lang='grc' dir='ltr'><em>φρουρᾷ</em></span> <span class='ocrx_word' id='word_1_220' title='bbox 932 1662 1106 1712; x_wconf 87' lang='grc' dir='ltr'><em>πάντας</em></span> <span class='ocrx_word' id='word_1_221' title='bbox 1127 1661 1225 1718; x_wconf 80' lang='grc' dir='ltr'><em>εἶχε,</em></span> <span class='ocrx_word' id='word_1_222' title='bbox 1256 1664 1359 1715; x_wconf 67' lang='grc' dir='ltr'><em>τοὺς</em></span> <span class='ocrx_word' id='word_1_223' title='bbox 1380 1664 1426 1707; x_wconf 82' lang='grc' dir='ltr'><em>δὲ</em></span> <span class='ocrx_word' id='word_1_224' title='bbox 1447 1667 1525 1707; x_wconf 84' lang='grc' dir='ltr'><em>τοῦ</em></span> <span class='ocrx_word' id='word_1_225' title='bbox 1545 1666 1764 1718; x_wconf 78' lang='grc' dir='ltr'><em>βασιλέως</em></span> 
     </span>
     <span class='ocr_line' id='line_1_27' title="bbox 96 1724 1764 1790; baseline 0.001 -18"><span class='ocrx_word' id='word_1_226' title='bbox 96 1730 263 1780; x_wconf 88' lang='grc' dir='ltr'><em>παῖδας</em></span> <span class='ocrx_word' id='word_1_227' title='bbox 301 1731 373 1772; x_wconf 82' lang='grc' dir='ltr'><em>καὶ</em></span> <span class='ocrx_word' id='word_1_228' title='bbox 414 1738 630 1785; x_wconf 77' lang='grc' dir='ltr'><em>συγγενεῖς</em></span> <span class='ocrx_word' id='word_1_229' title='bbox 669 1728 806 1785; x_wconf 81' lang='grc' dir='ltr'><em>δήσας</em></span> <span class='ocrx_word' id='word_1_230' title='bbox 843 1724 1025 1784; x_wconf 53' lang='grc' dir='ltr'><em>Γὕστερον</em></span> <span class='ocrx_word' id='word_1_231' title='bbox 1066 1730 1128 1782; x_wconf 82' lang='grc' dir='ltr'><em>εἷς</em></span> <span class='ocrx_word' id='word_1_232' title='bbox 1162 1728 1326 1788; x_wconf 81' lang='grc' dir='ltr'><em>Ῥώμην</em></span> <span class='ocrx_word' id='word_1_233' title='bbox 1368 1727 1579 1790; x_wconf 74' lang='grc' dir='ltr'><em>ἀνήγαγεν</em></span> <span class='ocrx_word' id='word_1_234' title='bbox 1610 1736 1764 1775; x_wconf 90' lang='grc' dir='ltr'><em>πίστιν</em></span> 
     </span>
     <span class='ocr_line' id='line_1_28' title="bbox 96 1795 592 1856; baseline -0.006 -15"><span class='ocrx_word' id='word_1_235' title='bbox 96 1795 273 1856; x_wconf 80' lang='grc' dir='ltr'><em>ὁμήρων</em></span> <span class='ocrx_word' id='word_1_236' title='bbox 306 1797 592 1853; x_wconf 80' lang='grc' dir='ltr'><em>παρέξοντας.</em></span> 
     </span>
    </p>

    <p class='ocr_par' dir='ltr' id='par_1_8' title="bbox 209 1863 1762 1924">
     <span class='ocr_line' id='line_1_29' title="bbox 209 1863 1762 1924; baseline 0.001 -16"><span class='ocrx_word' id='word_1_237' title='bbox 209 1867 300 1909; x_wconf 91' lang='lat' dir='ltr'><strong>VII.</strong></span> <span class='ocrx_word' id='word_1_238' title='bbox 337 1869 373 1907; x_wconf 91' lang='lat'><em>1.</em></span> <span class='ocrx_word' id='word_1_239' title='bbox 413 1865 468 1907; x_wconf 82' lang='grc' dir='ltr'><em>Οἱ</em></span> <span class='ocrx_word' id='word_1_240' title='bbox 491 1865 759 1907; x_wconf 84' lang='grc' dir='ltr'><em>στασιασταὶ</em></span> <span class='ocrx_word' id='word_1_241' title='bbox 783 1864 828 1907; x_wconf 79' lang='grc' dir='ltr'><em>δὲ</em></span> <span class='ocrx_word' id='word_1_242' title='bbox 852 1863 925 1907; x_wconf 70' lang='grc' dir='ltr'><em>ἐπὶ</em></span> <span class='ocrx_word' id='word_1_243' title='bbox 947 1864 1026 1921; x_wconf 80' lang='grc' dir='ltr'><em>τὴν</em></span> <span class='ocrx_word' id='word_1_244' title='bbox 1046 1865 1279 1924; x_wconf 80' lang='grc' dir='ltr'><em>βασιλικὴν</em></span> <span class='ocrx_word' id='word_1_245' title='bbox 1312 1863 1584 1922; x_wconf 75' lang='grc' dir='ltr'><em>ὁρμήσαντες</em></span> <span class='ocrx_word' id='word_1_246' title='bbox 1615 1864 1762 1924; x_wconf 59' lang='grc' dir='ltr'><em>αἶπλήν,</em></span> 
     </span>
    </p>
   </div>
   <div class='ocr_carea' id='block_1_6' title="bbox 426 1952 1754 1958">
    <p class='ocr_par' dir='ltr' id='par_1_9' title="bbox 426 1952 1754 1958">
     <span class='ocr_line' id='line_1_30' title="bbox 426 1952 1754 1958; baseline 0 0"><span class='ocrx_word' id='word_1_247' title='bbox 426 1952 1754 1958; x_wconf 95' lang='lat' dir='ltr'><em> </em></span> 
     </span>
    </p>
   </div>
   <div class='ocr_carea' id='block_1_7' title="bbox 91 1987 1766 2928">
    <p class='ocr_par' dir='ltr' id='par_1_10' title="bbox 207 1987 1429 2034">
     <span class='ocr_line' id='line_1_31' title="bbox 207 1987 1429 2034; baseline 0.002 -12"><span class='ocrx_word' id='word_1_248' title='bbox 207 1987 752 2032; x_wconf 82' lang='lat' dir='ltr'>PAMLVRCLatHegesippus</span> <span class='ocrx_word' id='word_1_249' title='bbox 777 1987 810 2022; x_wconf 90' lang='lat' dir='ltr'><strong>V</strong></span> <span class='ocrx_word' id='word_1_250' title='bbox 833 1991 876 2022; x_wconf 87' lang='grc'><em>46</em></span> <span class='ocrx_word' id='word_1_251' title='bbox 901 1999 936 2033; x_wconf 92' lang='lat' dir='ltr'><em>p.</em></span> <span class='ocrx_word' id='word_1_252' title='bbox 957 1991 1033 2024; x_wconf 81' lang='lat'><strong>371.</strong></span> <span class='ocrx_word' id='word_1_253' title='bbox 1070 1989 1231 2024; x_wconf 85' lang='lat' dir='ltr'>Zonaras</span> <span class='ocrx_word' id='word_1_254' title='bbox 1257 1989 1274 2023; x_wconf 94' lang='lat' dir='ltr'>I</span> <span class='ocrx_word' id='word_1_255' title='bbox 1297 2000 1331 2034; x_wconf 92' lang='lat' dir='ltr'><em>p.</em></span> <span class='ocrx_word' id='word_1_256' title='bbox 1352 1993 1429 2024; x_wconf 79' lang='lat'><strong>545.</strong></span> 
     </span>
    </p>

    <p class='ocr_par' dir='ltr' id='par_1_11' title="bbox 91 2036 1766 2928">
     <span class='ocr_line' id='line_1_32' title="bbox 211 2036 1765 2093; baseline 0.002 -14"><span class='ocrx_word' id='word_1_257' title='bbox 211 2048 226 2079; x_wconf 90' lang='lat'>1</span> <span class='ocrx_word' id='word_1_258' title='bbox 254 2046 321 2089; x_wconf 85' lang='grc' dir='ltr'><em>ζῆν</em></span> <span class='ocrx_word' id='word_1_259' title='bbox 347 2036 489 2089; x_wconf 75' lang='grc' dir='ltr'><em>ὥσπερ,</em></span> <span class='ocrx_word' id='word_1_260' title='bbox 513 2043 581 2078; x_wconf 83' lang='lat' dir='ltr'><strong>litt.</strong></span> <span class='ocrx_word' id='word_1_261' title='bbox 607 2047 652 2089; x_wconf 84' lang='grc' dir='ltr'><em>ῆν</em></span> <span class='ocrx_word' id='word_1_262' title='bbox 677 2038 734 2080; x_wconf 76' lang='grc' dir='ltr'><em>ὥσ</em></span> <span class='ocrx_word' id='word_1_263' title='bbox 757 2043 781 2078; x_wconf 88' lang='lat' dir='ltr'><em>i.</em></span> <span class='ocrx_word' id='word_1_264' title='bbox 806 2054 876 2079; x_wconf 86' lang='lat' dir='ltr'>ras.</span> <span class='ocrx_word' id='word_1_265' title='bbox 897 2047 985 2078; x_wconf 86' lang='lat'><em>2-3</em></span> <span class='ocrx_word' id='word_1_266' title='bbox 1010 2045 1076 2080; x_wconf 78' lang='lat' dir='ltr'><strong>litt.</strong></span> <span class='ocrx_word' id='word_1_267' title='bbox 1095 2045 1134 2080; x_wconf 92' lang='lat' dir='ltr'>M</span> <span class='ocrx_word' id='word_1_268' title='bbox 1227 2048 1246 2080; x_wconf 88' lang='lat'><strong>3</strong></span> <span class='ocrx_word' id='word_1_269' title='bbox 1271 2045 1294 2080; x_wconf 91' lang='lat' dir='ltr'><em>i.</em></span> <span class='ocrx_word' id='word_1_270' title='bbox 1319 2056 1427 2090; x_wconf 87' lang='lat' dir='ltr'>marg.</span> <span class='ocrx_word' id='word_1_271' title='bbox 1454 2043 1511 2082; x_wconf 81' lang='grc' dir='ltr'><em>λε’</em></span> <span class='ocrx_word' id='word_1_272' title='bbox 1537 2047 1563 2080; x_wconf 88' lang='lat' dir='ltr'>C</span> <span class='ocrx_word' id='word_1_273' title='bbox 1656 2044 1765 2093; x_wconf 86' lang='grc' dir='ltr'><em>πρὸς]</em></span> 
     </span>
     <span class='ocr_line' id='line_1_33' title="bbox 96 2096 1765 2147; baseline 0.002 -11"><span class='ocrx_word' id='word_1_274' title='bbox 96 2097 199 2147; x_wconf 86' lang='grc' dir='ltr'><em>πρὸσ</em></span> <span class='ocrx_word' id='word_1_275' title='bbox 230 2100 268 2136; x_wconf 80' lang='grc' dir='ltr'><em>δὲ</em></span> <span class='ocrx_word' id='word_1_276' title='bbox 292 2099 322 2133; x_wconf 89' lang='lat' dir='ltr'>L</span> <span class='ocrx_word' id='word_1_277' title='bbox 437 2096 711 2144; x_wconf 76' lang='grc' dir='ltr'><em>ὑποκρίνονται</em></span> <span class='ocrx_word' id='word_1_278' title='bbox 735 2100 774 2134; x_wconf 93' lang='grc' dir='ltr'>Μ</span> <span class='ocrx_word' id='word_1_279' title='bbox 889 2098 1051 2136; x_wconf 77' lang='grc' dir='ltr'><em>δύνασθε</em></span> <span class='ocrx_word' id='word_1_280' title='bbox 1075 2101 1104 2134; x_wconf 90' lang='lat' dir='ltr'>P</span> <span class='ocrx_word' id='word_1_281' title='bbox 1219 2104 1238 2135; x_wconf 82' lang='lat'>4</span> <span class='ocrx_word' id='word_1_282' title='bbox 1263 2102 1450 2147; x_wconf 79' lang='grc' dir='ltr'><em>μηδέποτε</em></span> <span class='ocrx_word' id='word_1_283' title='bbox 1474 2102 1613 2137; x_wconf 89' lang='lat' dir='ltr'>LCZon</span> <span class='ocrx_word' id='word_1_284' title='bbox 1728 2103 1765 2139; x_wconf 83' lang='grc' dir='ltr'><em>δὲ</em></span> 
     </span>
     <span class='ocr_line' id='line_1_34' title="bbox 94 2150 1766 2205; baseline 0.003 -15"><span class='ocrx_word' id='word_1_285' title='bbox 94 2156 345 2192; x_wconf 83' lang='lat' dir='ltr'><strong>AMLVRZon</strong></span> <span class='ocrx_word' id='word_1_286' title='bbox 441 2159 459 2188; x_wconf 84' lang='lat'>5</span> <span class='ocrx_word' id='word_1_287' title='bbox 485 2150 743 2192; x_wconf 70' lang='grc' dir='ltr'><em>ἀπελεύσεσθε</em></span> <span class='ocrx_word' id='word_1_288' title='bbox 767 2156 794 2189; x_wconf 89' lang='lat' dir='ltr'>P</span> <span class='ocrx_word' id='word_1_289' title='bbox 888 2160 907 2190; x_wconf 88' lang='lat'>6</span> <span class='ocrx_word' id='word_1_290' title='bbox 941 2154 1007 2202; x_wconf 72' lang='grc' dir='ltr'><em>τὴν</em></span> <span class='ocrx_word' id='word_1_291' title='bbox 1037 2168 1104 2191; x_wconf 92' lang='lat' dir='ltr'><em>om.</em></span> <span class='ocrx_word' id='word_1_292' title='bbox 1131 2158 1170 2191; x_wconf 95' lang='lat' dir='ltr'>M</span> <span class='ocrx_word' id='word_1_293' title='bbox 1264 2161 1281 2191; x_wconf 77' lang='grc' dir='ltr'>ἵ</span> <span class='ocrx_word' id='word_1_294' title='bbox 1315 2154 1424 2194; x_wconf 80' lang='grc' dir='ltr'><em>ταῦτ’</em></span> <span class='ocrx_word' id='word_1_295' title='bbox 1448 2159 1487 2193; x_wconf 92' lang='grc' dir='ltr'><strong>Μ</strong></span> <span class='ocrx_word' id='word_1_296' title='bbox 1581 2161 1600 2193; x_wconf 89' lang='grc'>8</span> <span class='ocrx_word' id='word_1_297' title='bbox 1626 2172 1766 2205; x_wconf 79' lang='grc' dir='ltr'><em>νενικη-</em></span> 
     </span>
     <span class='ocr_line' id='line_1_35' title="bbox 94 2210 1763 2261; baseline 0.001 -13"><span class='ocrx_word' id='word_1_298' title='bbox 94 2213 222 2248; x_wconf 87' lang='grc' dir='ltr'><em>κότων</em></span> <span class='ocrx_word' id='word_1_299' title='bbox 251 2212 494 2258; x_wconf 82' lang='grc' dir='ltr'><em>προτείνουσι</em></span> <span class='ocrx_word' id='word_1_300' title='bbox 526 2215 569 2246; x_wconf 84' lang='lat' dir='ltr'><em>tr.</em></span> <span class='ocrx_word' id='word_1_301' title='bbox 596 2212 626 2246; x_wconf 91' lang='lat' dir='ltr'>L</span> <span class='ocrx_word' id='word_1_302' title='bbox 745 2226 785 2249; x_wconf 85' lang='grc' dir='ltr'><em>νε</em></span> <span class='ocrx_word' id='word_1_303' title='bbox 801 2231 809 2238; x_wconf 90' lang='grc'><strong><em>·</em></strong></span> <span class='ocrx_word' id='word_1_304' title='bbox 827 2210 1037 2258; x_wconf 82' lang='grc' dir='ltr'><em>νικηκότων</em></span> <span class='ocrx_word' id='word_1_305' title='bbox 1061 2214 1094 2248; x_wconf 92' lang='lat' dir='ltr'><strong>V</strong></span> <span class='ocrx_word' id='word_1_306' title='bbox 1209 2217 1228 2248; x_wconf 88' lang='lat'>9</span> <span class='ocrx_word' id='word_1_307' title='bbox 1262 2212 1385 2258; x_wconf 82' lang='grc' dir='ltr'><em>δεξιὰσ</em></span> <span class='ocrx_word' id='word_1_308' title='bbox 1410 2215 1440 2249; x_wconf 91' lang='lat' dir='ltr'>L</span> <span class='ocrx_word' id='word_1_309' title='bbox 1556 2216 1763 2261; x_wconf 81' lang='grc' dir='ltr'><em>φείσασθαι</em></span> 
     </span>
     <span class='ocr_line' id='line_1_36' title="bbox 94 2265 1720 2315; baseline 0.002 -12"><span class='ocrx_word' id='word_1_310' title='bbox 94 2268 233 2303; x_wconf 91' lang='lat' dir='ltr'>PLZon</span> <span class='ocrx_word' id='word_1_311' title='bbox 314 2267 400 2315; x_wconf 75' lang='grc' dir='ltr'><em>γὰρ]</em></span> <span class='ocrx_word' id='word_1_312' title='bbox 426 2271 519 2314; x_wconf 84' lang='grc' dir='ltr'><em>γοῦν</em></span> <span class='ocrx_word' id='word_1_313' title='bbox 535 2269 568 2302; x_wconf 89' lang='grc' dir='ltr'><strong>Α</strong></span> <span class='ocrx_word' id='word_1_314' title='bbox 652 2272 692 2304; x_wconf 87' lang='grc'><em>10</em></span> <span class='ocrx_word' id='word_1_315' title='bbox 710 2266 840 2315; x_wconf 81' lang='grc' dir='ltr'><em>οἷπάση</em></span> <span class='ocrx_word' id='word_1_316' title='bbox 856 2269 953 2304; x_wconf 89' lang='lat' dir='ltr'><em>VRC</em></span> <span class='ocrx_word' id='word_1_317' title='bbox 1037 2265 1084 2305; x_wconf 74' lang='grc' dir='ltr'><em>ἄν</em></span> <span class='ocrx_word' id='word_1_318' title='bbox 1107 2280 1175 2305; x_wconf 90' lang='lat' dir='ltr'><em>om.</em></span> <span class='ocrx_word' id='word_1_319' title='bbox 1192 2270 1271 2305; x_wconf 91' lang='lat' dir='ltr'><em>Zon</em></span> <span class='ocrx_word' id='word_1_320' title='bbox 1355 2275 1392 2306; x_wconf 93' lang='grc'><em>11</em></span> <span class='ocrx_word' id='word_1_321' title='bbox 1420 2268 1592 2308; x_wconf 78' lang='grc' dir='ltr'><em>δύναιντο</em></span> <span class='ocrx_word' id='word_1_322' title='bbox 1611 2271 1720 2307; x_wconf 92' lang='lat' dir='ltr'>LZon</span> 
     </span>
     <span class='ocr_line' id='line_1_37' title="bbox 98 2323 1762 2373; baseline 0.002 -14"><span class='ocrx_word' id='word_1_323' title='bbox 98 2328 137 2359; x_wconf 89' lang='lat'><em>12</em></span> <span class='ocrx_word' id='word_1_324' title='bbox 162 2325 356 2371; x_wconf 81' lang='grc' dir='ltr'><em>ἐμπιπρᾶν</em></span> <span class='ocrx_word' id='word_1_325' title='bbox 377 2325 496 2360; x_wconf 91' lang='lat' dir='ltr'>MZon</span> <span class='ocrx_word' id='word_1_326' title='bbox 521 2324 781 2370; x_wconf 82' lang='grc' dir='ltr'><em>ἐμπιμπρᾱναι</em></span> <span class='ocrx_word' id='word_1_327' title='bbox 805 2325 838 2360; x_wconf 91' lang='lat' dir='ltr'><strong>V</strong></span> <span class='ocrx_word' id='word_1_328' title='bbox 952 2323 1174 2371; x_wconf 81' lang='grc' dir='ltr'><em>ἐπέτρεψεν]</em></span> <span class='ocrx_word' id='word_1_329' title='bbox 1199 2325 1385 2373; x_wconf 81' lang='grc' dir='ltr'><em>ἐπέτρεπε</em></span> <span class='ocrx_word' id='word_1_330' title='bbox 1410 2327 1437 2362; x_wconf 89' lang='lat' dir='ltr'>C</span> <span class='ocrx_word' id='word_1_331' title='bbox 1461 2326 1633 2364; x_wconf 76' lang='grc' dir='ltr'><em>ἐκέλευσε</em></span> <span class='ocrx_word' id='word_1_332' title='bbox 1655 2327 1762 2363; x_wconf 89' lang='lat' dir='ltr'>LZon</span> 
     </span>
     <span class='ocr_line' id='line_1_38' title="bbox 91 2377 1673 2427; baseline 0.001 -11"><span class='ocrx_word' id='word_1_333' title='bbox 91 2381 258 2427; x_wconf 74' lang='lat' dir='ltr'><em>permisit</em></span> <span class='ocrx_word' id='word_1_334' title='bbox 280 2381 352 2415; x_wconf 84' lang='lat' dir='ltr'><em>Lat</em></span> <span class='ocrx_word' id='word_1_335' title='bbox 469 2384 509 2416; x_wconf 89' lang='lat'><em>13</em></span> <span class='ocrx_word' id='word_1_336' title='bbox 535 2379 571 2417; x_wconf 81' lang='grc' dir='ltr'><em>δ’</em></span> <span class='ocrx_word' id='word_1_337' title='bbox 595 2381 656 2416; x_wconf 89' lang='lat' dir='ltr'><em>LC</em></span> <span class='ocrx_word' id='word_1_338' title='bbox 775 2377 808 2416; x_wconf 76' lang='grc' dir='ltr'><em>δ’</em></span> <span class='ocrx_word' id='word_1_339' title='bbox 833 2377 1017 2426; x_wconf 74' lang='grc' dir='ltr'><em>ὑστεραία</em></span> <span class='ocrx_word' id='word_1_340' title='bbox 1041 2381 1137 2416; x_wconf 89' lang='lat' dir='ltr'><em>ALC</em></span> <span class='ocrx_word' id='word_1_341' title='bbox 1257 2385 1297 2416; x_wconf 87' lang='grc'><strong>14</strong></span> <span class='ocrx_word' id='word_1_342' title='bbox 1321 2385 1385 2419; x_wconf 83' lang='grc' dir='ltr'><em>καὶ</em></span> <span class='ocrx_word' id='word_1_343' title='bbox 1409 2380 1468 2425; x_wconf 82' lang='grc' dir='ltr'><em>τὸ]</em></span> <span class='ocrx_word' id='word_1_344' title='bbox 1494 2381 1552 2426; x_wconf 81' lang='grc' dir='ltr'><em>τό,</em></span> <span class='ocrx_word' id='word_1_345' title='bbox 1577 2396 1618 2420; x_wconf 87' lang='grc' dir='ltr'><em>τε</em></span> <span class='ocrx_word' id='word_1_346' title='bbox 1642 2383 1673 2417; x_wconf 92' lang='lat' dir='ltr'>L</span> 
     </span>
     <span class='ocr_line' id='line_1_39' title="bbox 94 2433 1764 2486; baseline 0.002 -13"><span class='ocrx_word' id='word_1_347' title='bbox 94 2433 238 2482; x_wconf 82' lang='grc' dir='ltr'><em>Ὀφλᾶν]</em></span> <span class='ocrx_word' id='word_1_348' title='bbox 266 2433 390 2482; x_wconf 82' lang='grc' dir='ltr'><em>ὀλφᾶν</em></span> <span class='ocrx_word' id='word_1_349' title='bbox 413 2437 447 2473; x_wconf 90' lang='lat' dir='ltr'><strong>R</strong></span> <span class='ocrx_word' id='word_1_350' title='bbox 470 2437 574 2482; x_wconf 80' lang='lat' dir='ltr'><strong><em>eflam</em></strong></span> <span class='ocrx_word' id='word_1_351' title='bbox 599 2438 670 2473; x_wconf 82' lang='lat' dir='ltr'><em>Lat</em></span> <span class='ocrx_word' id='word_1_352' title='bbox 803 2441 841 2472; x_wconf 89' lang='lat'><em>15</em></span> <span class='ocrx_word' id='word_1_353' title='bbox 867 2436 1020 2484; x_wconf 79' lang='grc' dir='ltr'><em>ἐφῆψαν</em></span> <span class='ocrx_word' id='word_1_354' title='bbox 1043 2437 1106 2471; x_wconf 90' lang='lat' dir='ltr'><em>PA</em></span> <span class='ocrx_word' id='word_1_355' title='bbox 1234 2438 1458 2485; x_wconf 85' lang='grc' dir='ltr'><em>προέκοψεν</em></span> <span class='ocrx_word' id='word_1_356' title='bbox 1479 2440 1511 2475; x_wconf 92' lang='lat' dir='ltr'>L</span> <span class='ocrx_word' id='word_1_357' title='bbox 1633 2438 1764 2486; x_wconf 80' lang='grc' dir='ltr'><em>ἐλένησ</em></span> 
     </span>
     <span class='ocr_line' id='line_1_40' title="bbox 95 2489 1764 2542; baseline 0.002 -15"><span class='ocrx_word' id='word_1_358' title='bbox 95 2492 251 2528; x_wconf 86' lang='lat' dir='ltr'><strong>PALVC</strong></span> <span class='ocrx_word' id='word_1_359' title='bbox 346 2496 387 2527; x_wconf 88' lang='lat'><em>16</em></span> <span class='ocrx_word' id='word_1_360' title='bbox 418 2489 453 2529; x_wconf 80' lang='grc' dir='ltr'><em>δ’</em></span> <span class='ocrx_word' id='word_1_361' title='bbox 479 2493 505 2528; x_wconf 87' lang='lat' dir='ltr'>C</span> <span class='ocrx_word' id='word_1_362' title='bbox 600 2493 648 2535; x_wconf 78' lang='grc' dir='ltr'><em>οὶ]</em></span> <span class='ocrx_word' id='word_1_363' title='bbox 683 2491 724 2530; x_wconf 75' lang='grc' dir='ltr'><em>οἵ</em></span> <span class='ocrx_word' id='word_1_364' title='bbox 743 2506 784 2530; x_wconf 84' lang='grc' dir='ltr'><em>τε</em></span> <span class='ocrx_word' id='word_1_365' title='bbox 807 2493 903 2529; x_wconf 81' lang='lat' dir='ltr'><em>VRG</em></span> <span class='ocrx_word' id='word_1_366' title='bbox 999 2497 1039 2528; x_wconf 89' lang='lat'><em>18</em></span> <span class='ocrx_word' id='word_1_367' title='bbox 1071 2493 1094 2528; x_wconf 88' lang='lat' dir='ltr'><em>i.</em></span> <span class='ocrx_word' id='word_1_368' title='bbox 1121 2503 1231 2538; x_wconf 83' lang='lat' dir='ltr'><strong>marg.</strong></span> <span class='ocrx_word' id='word_1_369' title='bbox 1262 2489 1320 2531; x_wconf 78' lang='grc' dir='ltr'><em>λς’</em></span> <span class='ocrx_word' id='word_1_370' title='bbox 1345 2495 1372 2530; x_wconf 88' lang='lat' dir='ltr'>C</span> <span class='ocrx_word' id='word_1_371' title='bbox 1465 2491 1616 2542; x_wconf 66' lang='grc' dir='ltr'><em>ταύτην]</em></span> <span class='ocrx_word' id='word_1_372' title='bbox 1641 2495 1764 2531; x_wconf 78' lang='lat' dir='ltr'><em>eodem</em></span> 
     </span>
     <span class='ocr_line' id='line_1_41' title="bbox 94 2546 1764 2598; baseline 0.002 -15"><span class='ocrx_word' id='word_1_373' title='bbox 94 2548 165 2584; x_wconf 85' lang='lat' dir='ltr'><em>Lat</em></span> <span class='ocrx_word' id='word_1_374' title='bbox 256 2546 354 2585; x_wconf 77' lang='grc' dir='ltr'><em>οἵ-</em></span> <span class='ocrx_word' id='word_1_375' title='bbox 371 2548 456 2591; x_wconf 73' lang='grc' dir='ltr'><em>υἱοὶ]</em></span> <span class='ocrx_word' id='word_1_376' title='bbox 479 2550 608 2595; x_wconf 75' lang='lat' dir='ltr'><em>qeiaza</em></span> <span class='ocrx_word' id='word_1_377' title='bbox 633 2550 731 2595; x_wconf 64' lang='lat' dir='ltr'><em>regis</em></span> <span class='ocrx_word' id='word_1_378' title='bbox 751 2549 824 2595; x_wconf 70' lang='lat' dir='ltr'><em>filie·</em></span> <span class='ocrx_word' id='word_1_379' title='bbox 844 2549 916 2584; x_wconf 81' lang='lat' dir='ltr'><em>Lat</em></span> <span class='ocrx_word' id='word_1_380' title='bbox 944 2551 1028 2584; x_wconf 76' lang='lat' dir='ltr'><em>iaza</em></span> <span class='ocrx_word' id='word_1_381' title='bbox 1053 2554 1156 2590; x_wconf 81' lang='lat' dir='ltr'><em>(zara</em></span> <span class='ocrx_word' id='word_1_382' title='bbox 1179 2550 1216 2585; x_wconf 87' lang='lat' dir='ltr'><em>in</em></span> <span class='ocrx_word' id='word_1_383' title='bbox 1240 2551 1332 2594; x_wconf 83' lang='lat' dir='ltr'>aliis)</span> <span class='ocrx_word' id='word_1_384' title='bbox 1355 2552 1452 2597; x_wconf 70' lang='lat' dir='ltr'><em>reqis</em></span> <span class='ocrx_word' id='word_1_385' title='bbox 1472 2552 1542 2597; x_wconf 79' lang='lat' dir='ltr'><em>filii</em></span> <span class='ocrx_word' id='word_1_386' title='bbox 1566 2553 1644 2596; x_wconf 88' lang='lat' dir='ltr'><em>Heg</em></span> <span class='ocrx_word' id='word_1_387' title='bbox 1666 2552 1764 2598; x_wconf 77' lang='lat' dir='ltr'><em>reqis</em></span> 
     </span>
     <span class='ocr_line' id='line_1_42' title="bbox 95 2604 1764 2653; baseline 0.005 -14"><span class='ocrx_word' id='word_1_388' title='bbox 95 2606 171 2640; x_wconf 81' lang='lat' dir='ltr'><em>izat</em></span> <span class='ocrx_word' id='word_1_389' title='bbox 193 2608 303 2648; x_wconf 83' lang='lat' dir='ltr'><em>(azat)</em></span> <span class='ocrx_word' id='word_1_390' title='bbox 324 2605 395 2650; x_wconf 77' lang='lat' dir='ltr'><em>filii</em></span> <span class='ocrx_word' id='word_1_391' title='bbox 418 2605 485 2650; x_wconf 86' lang='lat' dir='ltr'><em>Syr</em></span> <span class='ocrx_word' id='word_1_392' title='bbox 571 2604 715 2650; x_wconf 77' lang='grc' dir='ltr'><em>Ἰζάτου</em></span> <span class='ocrx_word' id='word_1_393' title='bbox 738 2605 925 2653; x_wconf 82' lang='grc' dir='ltr'><em>βασιλέως</em></span> <span class='ocrx_word' id='word_1_394' title='bbox 948 2604 1033 2647; x_wconf 71' lang='grc' dir='ltr'><em>υἱοὶ]</em></span> <span class='ocrx_word' id='word_1_395' title='bbox 1059 2615 1101 2640; x_wconf 85' lang='lat' dir='ltr'><em>ex</em></span> <span class='ocrx_word' id='word_1_396' title='bbox 1126 2616 1219 2641; x_wconf 85' lang='lat' dir='ltr'>corr.</span> <span class='ocrx_word' id='word_1_397' title='bbox 1246 2607 1333 2652; x_wconf 81' lang='lat' dir='ltr'>Lips</span> <span class='ocrx_word' id='word_1_398' title='bbox 1357 2608 1419 2653; x_wconf 80' lang='grc' dir='ltr'><em>ἰζᾶ</em></span> <span class='ocrx_word' id='word_1_399' title='bbox 1444 2605 1538 2653; x_wconf 79' lang='grc' dir='ltr'><em>(ἰεζὰ</em></span> <span class='ocrx_word' id='word_1_400' title='bbox 1562 2608 1592 2643; x_wconf 88' lang='grc' dir='ltr'><strong><em>Ρ</em></strong></span> <span class='ocrx_word' id='word_1_401' title='bbox 1613 2607 1699 2652; x_wconf 83' lang='grc' dir='ltr'><em>ἰαζά</em></span> <span class='ocrx_word' id='word_1_402' title='bbox 1717 2608 1764 2647; x_wconf 86' lang='lat' dir='ltr'><em>A)</em></span> 
     </span>
     <span class='ocr_line' id='line_1_43' title="bbox 95 2661 1716 2709; baseline 0.001 -13"><span class='ocrx_word' id='word_1_403' title='bbox 95 2663 164 2696; x_wconf 84' lang='grc' dir='ltr'><em>τοῦ</em></span> <span class='ocrx_word' id='word_1_404' title='bbox 179 2661 370 2707; x_wconf 83' lang='grc' dir='ltr'><em>βασιλὲωσ</em></span> <span class='ocrx_word' id='word_1_405' title='bbox 394 2661 467 2697; x_wconf 74' lang='grc' dir='ltr'><em>υἱοὶ</em></span> <span class='ocrx_word' id='word_1_406' title='bbox 483 2661 685 2697; x_wconf 87' lang='lat' dir='ltr'><strong>PAMVRC</strong></span> <span class='ocrx_word' id='word_1_407' title='bbox 703 2664 738 2696; x_wconf 82' lang='lat' dir='ltr'><em>et</em></span> <span class='ocrx_word' id='word_1_408' title='bbox 755 2672 800 2697; x_wconf 92' lang='lat' dir='ltr'><em>m.</em></span> <span class='ocrx_word' id='word_1_409' title='bbox 822 2665 837 2697; x_wconf 87' lang='lat'>1</span> <span class='ocrx_word' id='word_1_410' title='bbox 857 2662 943 2706; x_wconf 87' lang='lat' dir='ltr'>Lips</span> <span class='ocrx_word' id='word_1_411' title='bbox 961 2661 1034 2698; x_wconf 75' lang='grc' dir='ltr'><em>υἱοὶ</em></span> <span class='ocrx_word' id='word_1_412' title='bbox 1051 2665 1120 2699; x_wconf 83' lang='grc' dir='ltr'><em>τοῦ</em></span> <span class='ocrx_word' id='word_1_413' title='bbox 1135 2663 1328 2709; x_wconf 83' lang='grc' dir='ltr'><em>βασιλὲωσ</em></span> <span class='ocrx_word' id='word_1_414' title='bbox 1344 2661 1448 2708; x_wconf 81' lang='grc' dir='ltr'><em>ϊεζὰν</em></span> <span class='ocrx_word' id='word_1_415' title='bbox 1463 2665 1512 2707; x_wconf 77' lang='lat' dir='ltr'><em>L3</em></span> <span class='ocrx_word' id='word_1_416' title='bbox 1537 2664 1582 2700; x_wconf 86' lang='lat' dir='ltr'><em>cf.</em></span> <span class='ocrx_word' id='word_1_417' title='bbox 1602 2665 1636 2700; x_wconf 91' lang='lat' dir='ltr'><strong>V</strong></span> <span class='ocrx_word' id='word_1_418' title='bbox 1655 2667 1716 2699; x_wconf 82' lang='grc'><strong>147</strong></span> 
     </span>
     <span class='ocr_line' id='line_1_44' title="bbox 100 2716 1763 2764; baseline 0.003 -13"><span class='ocrx_word' id='word_1_419' title='bbox 100 2718 139 2749; x_wconf 84' lang='grc'><strong>19</strong></span> <span class='ocrx_word' id='word_1_420' title='bbox 163 2719 299 2752; x_wconf 82' lang='grc' dir='ltr'><em>πολλοὶ</em></span> <span class='ocrx_word' id='word_1_421' title='bbox 323 2727 391 2753; x_wconf 92' lang='lat' dir='ltr'><em>om.</em></span> <span class='ocrx_word' id='word_1_422' title='bbox 415 2717 446 2752; x_wconf 93' lang='lat' dir='ltr'>L</span> <span class='ocrx_word' id='word_1_423' title='bbox 536 2721 717 2764; x_wconf 79' lang='grc' dir='ltr'><em>ὃημωτῶν</em></span> <span class='ocrx_word' id='word_1_424' title='bbox 743 2718 769 2753; x_wconf 91' lang='lat' dir='ltr'>C</span> <span class='ocrx_word' id='word_1_425' title='bbox 853 2716 943 2760; x_wconf 78' lang='grc' dir='ltr'><em>ἐκεῖ]</em></span> <span class='ocrx_word' id='word_1_426' title='bbox 968 2729 1037 2753; x_wconf 91' lang='lat' dir='ltr'><em>om.</em></span> <span class='ocrx_word' id='word_1_427' title='bbox 1063 2718 1133 2753; x_wconf 85' lang='lat' dir='ltr'><em>Lat</em></span> <span class='ocrx_word' id='word_1_428' title='bbox 1155 2717 1315 2763; x_wconf 79' lang='grc' dir='ltr'><em>ἐκείνοις</em></span> <span class='ocrx_word' id='word_1_429' title='bbox 1338 2719 1515 2756; x_wconf 83' lang='lat' dir='ltr'>Destinon</span> <span class='ocrx_word' id='word_1_430' title='bbox 1600 2724 1763 2763; x_wconf 79' lang='grc' dir='ltr'><em>συνεξελ-</em></span> 
     </span>
     <span class='ocr_line' id='line_1_45' title="bbox 98 2769 1763 2822; baseline 0.004 -16"><span class='ocrx_word' id='word_1_431' title='bbox 98 2769 234 2813; x_wconf 74' lang='grc' dir='ltr'><em>θόντες</em></span> <span class='ocrx_word' id='word_1_432' title='bbox 257 2772 432 2808; x_wconf 84' lang='lat' dir='ltr'><strong>Destinon</strong></span> <span class='ocrx_word' id='word_1_433' title='bbox 517 2776 560 2809; x_wconf 86' lang='lat'><em>20</em></span> <span class='ocrx_word' id='word_1_434' title='bbox 586 2773 755 2810; x_wconf 72' lang='grc' dir='ltr'><em>ἱκέτευον</em></span> <span class='ocrx_word' id='word_1_435' title='bbox 770 2774 801 2809; x_wconf 91' lang='lat' dir='ltr'>L</span> <span class='ocrx_word' id='word_1_436' title='bbox 887 2777 928 2809; x_wconf 81' lang='lat'><em>21</em></span> <span class='ocrx_word' id='word_1_437' title='bbox 955 2774 1222 2821; x_wconf 80' lang='grc' dir='ltr'><em>διοργισμένοσ</em></span> <span class='ocrx_word' id='word_1_438' title='bbox 1247 2776 1274 2811; x_wconf 84' lang='lat' dir='ltr'>O</span> <span class='ocrx_word' id='word_1_439' title='bbox 1357 2773 1508 2822; x_wconf 77' lang='grc' dir='ltr'><em>ἤλλεγξε</em></span> <span class='ocrx_word' id='word_1_440' title='bbox 1527 2777 1553 2811; x_wconf 87' lang='grc' dir='ltr'>Ο</span> <span class='ocrx_word' id='word_1_441' title='bbox 1639 2779 1680 2811; x_wconf 87' lang='grc'><em>23</em></span> <span class='ocrx_word' id='word_1_442' title='bbox 1706 2776 1763 2813; x_wconf 82' lang='grc' dir='ltr'><em>εἰσ</em></span> 
     </span>
     <span class='ocr_line' id='line_1_46' title="bbox 98 2821 1762 2878; baseline 0.005 -17"><span class='ocrx_word' id='word_1_443' title='bbox 98 2826 227 2873; x_wconf 77' lang='grc' dir='ltr'><em>ῥώμην</em></span> <span class='ocrx_word' id='word_1_444' title='bbox 249 2821 411 2875; x_wconf 65' lang='grc' dir='ltr'><em>ὕστερον</em></span> <span class='ocrx_word' id='word_1_445' title='bbox 433 2832 478 2864; x_wconf 78' lang='lat' dir='ltr'><em>tr.</em></span> <span class='ocrx_word' id='word_1_446' title='bbox 504 2829 534 2863; x_wconf 91' lang='lat' dir='ltr'>L</span> <span class='ocrx_word' id='word_1_447' title='bbox 627 2832 668 2864; x_wconf 83' lang='lat'><em>25</em></span> <span class='ocrx_word' id='word_1_448' title='bbox 693 2827 891 2876; x_wconf 79' lang='grc' dir='ltr'><em>βασιλικὴν</em></span> <span class='ocrx_word' id='word_1_449' title='bbox 916 2826 1154 2877; x_wconf 82' lang='grc' dir='ltr'><em>ὁρμήσαντες</em></span> <span class='ocrx_word' id='word_1_450' title='bbox 1177 2827 1302 2878; x_wconf 80' lang='grc' dir='ltr'><em>αὐλήν]</em></span> <span class='ocrx_word' id='word_1_451' title='bbox 1326 2832 1526 2878; x_wconf 80' lang='grc' dir='ltr'><em>βασιλικὴν</em></span> <span class='ocrx_word' id='word_1_452' title='bbox 1550 2833 1675 2869; x_wconf 84' lang='grc' dir='ltr'><em>οἰκίαν</em></span> <span class='ocrx_word' id='word_1_453' title='bbox 1700 2829 1762 2878; x_wconf 81' lang='grc' dir='ltr'><em>ὁρ-</em></span> 
     </span>
     <span class='ocr_line' id='line_1_47' title="bbox 98 2881 492 2928; baseline 0.003 -10"><span class='ocrx_word' id='word_1_454' title='bbox 98 2881 287 2928; x_wconf 82' lang='grc' dir='ltr'><em>μήσαντεσ</em></span> <span class='ocrx_word' id='word_1_455' title='bbox 310 2883 492 2919; x_wconf 82' lang='lat' dir='ltr'>LLatZon</span> 
     </span>
    </p>
   </div>
   <div class='ocr_carea' id='block_1_8' title="bbox 1794 384 1870 422">
    <p class='ocr_par' dir='ltr' id='par_1_12' title="bbox 1794 384 1870 422">
     <span class='ocr_line' id='line_1_48' title="bbox 1794 384 1870 422; baseline 0.013 -1"><span class='ocrx_word' id='word_1_456' title='bbox 1794 384 1870 422; x_wconf 85' lang='grc'><em>351</em></span> 
     </span>
    </p>
   </div>
   <div class='ocr_carea' id='block_1_9' title="bbox 1795 653 1875 693">
    <p class='ocr_par' dir='ltr' id='par_1_13' title="bbox 1795 653 1875 693">
     <span class='ocr_line' id='line_1_49' title="bbox 1795 653 1875 693; baseline -0.025 0"><span class='ocrx_word' id='word_1_457' title='bbox 1795 653 1875 693; x_wconf 82' lang='grc'><em>352</em></span> 
     </span>
    </p>
   </div>
   <div class='ocr_carea' id='block_1_10' title="bbox 1795 858 1876 897">
    <p class='ocr_par' dir='ltr' id='par_1_14' title="bbox 1795 858 1876 897">
     <span class='ocr_line' id='line_1_50' title="bbox 1795 858 1876 897; baseline 0.025 -2"><span class='ocrx_word' id='word_1_458' title='bbox 1795 858 1876 897; x_wconf 82' lang='grc'><em>353</em></span> 
     </span>
    </p>
   </div>
   <div class='ocr_carea' id='block_1_11' title="bbox 1794 993 1875 1032">
    <p class='ocr_par' dir='ltr' id='par_1_15' title="bbox 1794 993 1875 1032">
     <span class='ocr_line' id='line_1_51' title="bbox 1794 993 1875 1032; baseline 0 -1"><span class='ocrx_word' id='word_1_459' title='bbox 1794 993 1875 1032; x_wconf 84' lang='grc'><em>354</em></span> 
     </span>
    </p>
   </div>
   <div class='ocr_carea' id='block_1_12' title="bbox 1795 1195 1875 1234">
    <p class='ocr_par' dir='ltr' id='par_1_16' title="bbox 1795 1195 1875 1234">
     <span class='ocr_line' id='line_1_52' title="bbox 1795 1195 1875 1234; baseline 0 0"><span class='ocrx_word' id='word_1_460' title='bbox 1795 1195 1875 1234; x_wconf 87' lang='grc'><em>355</em></span> 
     </span>
    </p>
   </div>
   <div class='ocr_carea' id='block_1_13' title="bbox 1795 1398 1876 1437">
    <p class='ocr_par' dir='ltr' id='par_1_17' title="bbox 1795 1398 1876 1437">
     <span class='ocr_line' id='line_1_53' title="bbox 1795 1398 1876 1437; baseline 0 0"><span class='ocrx_word' id='word_1_461' title='bbox 1795 1398 1876 1437; x_wconf 87' lang='grc'><em>356</em></span> 
     </span>
    </p>
   </div>
   <div class='ocr_carea' id='block_1_14' title="bbox 1795 1667 1875 1706">
    <p class='ocr_par' dir='ltr' id='par_1_18' title="bbox 1795 1667 1875 1706">
     <span class='ocr_line' id='line_1_54' title="bbox 1795 1667 1875 1706; baseline 0.013 -1"><span class='ocrx_word' id='word_1_462' title='bbox 1795 1667 1875 1706; x_wconf 88' lang='grc'><em>357</em></span> 
     </span>
    </p>
   </div>
   <div class='ocr_carea' id='block_1_15' title="bbox 1797 1869 1877 1910">
    <p class='ocr_par' dir='ltr' id='par_1_19' title="bbox 1797 1869 1877 1910">
     <span class='ocr_line' id='line_1_55' title="bbox 1797 1869 1877 1910; baseline 0 0"><span class='ocrx_word' id='word_1_463' title='bbox 1797 1869 1877 1910; x_wconf 85' lang='grc'><em>358</em></span> 
     </span>
    </p>
   </div>
  </div>
 </body>
</html>
