2018 3236
127 330 206 371 308

127 529 205 568 309

125 729 204 768 310

124 929 200 969 311

125 1130 204 1169 312

124 1330 204 1370 313

126 1466 206 1504 314

127 1665 207 1704 315

238 149 317 187 610
664 145 732 180 DE
755 144 914 178 BELLO
938 143 1034 178 IUD.
1060 142 1127 178 VII
1152 145 1328 177 307-315
1352 145 1425 186 (vm
1449 145 1478 186 5)

240 261 301 311 εἷς
332 260 604 314 ἐτιβάθραν,
645 252 743 298 εἷλὲ
780 251 853 297 ἐπ’
889 250 1023 297 αὐτοῦ
1060 256 1184 317 βῆμα
1220 255 1363 296 λίθων
1401 254 1600 310 μεγάλων
1642 270 1887 318 συνηρμοσ-

238 333 379 381 μένων
410 325 441 367 ἐ
431 321 602 381 τοιήὺη
635 321 904 378 πεντήκοντα
934 321 1106 377 πτχεων
1139 318 1263 374 εὖρός
1292 337 1340 363 τε
1369 323 1441 364 καὶ
1471 316 1599 376 ν’ψος
1659 319 1710 378 ἦν
1733 322 1778 364 δὲ
1798 324 1886 365 τῶν

239 390 381 435 emm
419 407 466 433 τε
504 388 823 446 μηχανημάτων
861 406 885 446 η
926 386 1164 444 κατασκευὴ
1212 389 1507 444 παραπλησία
1543 397 1638 438 τοῖς
1676 386 1763 431 ὑπὸ
1806 389 1884 443 μὲν

244 455 579 501 Οἰ·εσ.’τασιανοῦ
609 452 835 511 πρότερον,
866 454 975 509 μετὰ
1008 458 1146 498 ταῦτα
1178 452 1218 497 δ’
1254 453 1342 498 ὑπὸ
1381 459 1513 498 Τίτου
1544 454 1659 511 πρὸς
1688 454 1768 506 τὰς
1797 473 1885 498 πο-

238 527 432 579 λιορκίας
453 523 747 580 ἐπινοηθεῖσι,
769 525 840 566 καὶ
859 522 1023 578 πύργος
1041 522 1387 579 ἑξηκοντάπηχυς
1409 524 1698 579 συνετελέσθη
1722 522 1886 580 σιδήρω

235 594 652 647 καταπεφραγμένος
685 586 823 640 άπας,
865 589 911 640 ἐξ
940 592 989 632 οὑ
1020 591 1205 639 πολλοῖς
1239 588 1463 644 ὀξυβελέσι
1492 592 1562 632 καὶ
1595 590 1886 646 πετροβόλοις

234 658 469 712 βάλλοντες
509 658 551 701 οἱ
577 655 782 712 Ῥωμαῖοι
820 657 923 707 τοίς
962 653 1052 699 άπὸ
1094 659 1172 699 τοῦ
1209 661 1378 710 τείχους
1413 660 1683 711 μαχομένους
1721 661 1886 711 ταχέως

237 721 487 768 ἀνέστειλαν
527 726 599 767 καὶ
638 724 909 780 προκύπτειν
949 723 1181 767 ἐκώλυσαν.
1243 724 1286 767 ἐν
1324 722 1471 780 ταύτῷ
1510 725 1556 767 δὲ
1596 727 1669 768 καὶ
1707 724 1828 780 κριὸν
1861 721 1883 767 ὃ

234 794 396 846 Σίλβας
425 796 559 847 μέγαν
588 791 1042 845 κατασκευασάμενος,
1085 800 1274 844 συνεχεῖς
1312 791 1517 842 κελεύσας
1555 795 1794 835 ποιεῖσθαι
1822 794 1886 847 τῷ

234 863 366 912 τείχει
396 859 476 909 τὰς
507 858 696 914 ἐμβολὰς
725 858 853 912 μόλις
883 859 961 912 μὲν
993 855 1093 901 ἀλλ’
1131 849 1204 901 οὖν
1245 854 1490 914 ἀναρρήξας
1519 876 1561 902 τι
1593 862 1725 914 μέρος
1753 858 1886 914 κατή-

236 935 376 981 ρειψε.
437 927 664 983 φθάνουσι
696 923 736 968 δ’
773 926 815 969 οἱ
847 925 1040 981 σικάριοι
1069 926 1233 980 ταχέως
1272 925 1455 969 ἔνδοθεν
1491 925 1886 983 οἰκοδομησάμενοι

235 1003 375 1046 τεῖχος
407 994 564 1049 ἕτερον,
595 993 618 1037 ὃ
640 993 748 1050 μηδὲ
780 991 866 1036 ὕπὸ
890 996 976 1035 τιῦν
997 990 1316 1050 μηχανημάτων
1349 993 1524 1047 ἔμελλεν
1545 989 1700 1048 ὅμοιόν
1721 1010 1765 1036 τι
1785 997 1886 1035 πεί-

237 1064 419 1103 σεσθαι·
451 1060 646 1114 μαλακὸν
667 1060 746 1116 γάρ
775 1057 878 1103 αὐτὸ
910 1061 981 1102 καὶ
1012 1060 1089 1118 τὴν
1121 1061 1402 1118 σφοδρότητα
1431 1063 1507 1117 τῆς
1538 1060 1723 1118 ἐμβολῆς
1751 1058 1886 1103 ὑπεκ-

235 1127 350 1170 λύειν
382 1128 619 1181 δυνάμενον
649 1127 808 1182 τοιῷδε
837 1127 990 1183 τρόπῳ
1021 1128 1353 1171 κατεσκεύασαν.
1414 1128 1566 1178 δοκοὺς
1595 1128 1789 1184 μεγάλας
1810 1127 1886 1170 ἐπὶ

233 1197 368 1250 μῆκος
398 1204 628 1249 προσεχεῖς
660 1190 869 1252 ἀλλήλαις
898 1194 1008 1237 κατὰ
1029 1195 1106 1252 τὴν
1131 1195 1267 1253 τομὴν
1299 1199 1556 1238 συνέθεσαν.
1609 1196 1685 1238 δύο
1709 1195 1755 1237 δὲ
1776 1185 1887 1251 ἦσαν

235 1262 399 1304 τούτων
431 1266 572 1315 στίχοι
602 1261 880 1318 παράλληλοι
917 1265 1128 1305 τοσοῦτον
1167 1263 1398 1312 διεστῶτες
1437 1258 1541 1306 ὅσον
1574 1260 1687 1305 εἶναι
1717 1261 1886 1311 πλάτος

235 1333 422 1381 τείχους,
468 1330 541 1371 καὶ
578 1332 712 1383 μέσον
753 1325 919 1386 άμφοῖν
960 1329 1035 1373 τὸν
1069 1332 1173 1383 χοῦν
1213 1329 1462 1386 ἐνεφόρουν.
1530 1325 1653 1379 ὅπως
1693 1329 1740 1371 δὲ
1777 1327 1886 1385 μηδὲ

234 1394 483 1450 ὑψουμένου
512 1399 590 1439 τοῦ
616 1396 819 1451 χώματος
848 1394 872 1454 ἡ
898 1399 949 1454 γῆ
981 1397 1213 1450 διαχέοιτο,
1246 1397 1382 1439 πάλιν
1412 1396 1581 1451 ἑτέραις
1612 1397 1757 1446 δοκοῖς
1787 1395 1887 1438 ἐπι-

237 1467 439 1517 καρσίαις
477 1463 556 1513 τὰς
593 1463 704 1506 κατὰ
741 1466 875 1521 μῆκος
913 1468 1114 1518 κειμένας
1153 1465 1332 1507 διέδεον.
1393 1455 1443 1521 ἦν
1484 1455 1558 1507 οὖν
1599 1464 1778 1514 ἐκείνοις
1807 1463 1886 1517 μὲν

238 1530 467 1608 οἰκοδομία
496 1530 544 1573 τὸ
579 1530 701 1586 ε’ργον
733 1531 1068 1586 παραπλήσιον,
1099 1534 1185 1574 τῶν
1215 1531 1536 1588 μηχανημάτων
1568 1529 1609 1573 δ’
1646 1548 1691 1573 αι
1722 1531 1888 1588 πληγαὶ

238 1597 478 1653 φερόμεναι
515 1596 628 1675 πρὸς
667 1614 780 1640 εικον
821 1597 1043 1648 ἐξελυοντο
1082 1600 1155 1641 καὶ
1184 1601 1247 1653 τῷ
1280 1598 1401 1654 σάλω
1442 1598 1667 1650 συνιζάνον
1708 1598 1888 1641 ἐποίουν

240 1659 342 1706 αυτὸ
378 1664 710 1720 στεριφώτερον.
759 1681 888 1706 τουτο
912 1663 1139 1707 συνιδων“
1119 1683 1140 1708 ο
1164 1667 1326 1720 Σίλβας
1357 1667 1465 1719 πυρὶ
1494 1667 1660 1719 μᾶλλον
1693 1665 1888 1723 αἷρησειν

351 1863 888 1908 PAMLVRCLatHegesippus
905 1864 937 1898 V
957 1866 997 1898 52
1015 1875 1050 1908 p.
1070 1867 1145 1898 377.
1189 1865 1349 1899 Zonaras
1365 1865 1382 1898 Ι
1406 1875 1442 1908 p.
1461 1867 1537 1899 558.

354 1934 367 1965 1
395 1931 457 1972 εἰς]
484 1929 540 1966 ὠσ
564 1931 590 1965 C
681 1930 873 1978 ἐπιβάθρα
899 1942 942 1966 ex
967 1942 1057 1966 corr.
1084 1932 1113 1965 L
1206 1934 1224 1965 2
1251 1934 1380 1977 πηχῶν
1403 1931 1497 1966 VRC
1522 1933 1652 1976 πηχῶν
1675 1932 1742 1975 μὲν
1766 1932 1796 1965 L

238 1989 259 2020 4
291 1986 328 2021 δὲ
351 1985 417 2020 VR
510 1991 528 2021 5
560 1986 803 2033 ἐπινοηθεῑσα
828 1987 922 2022 VRC
1014 1986 1327 2034 εξηκονταπηχεισ
1351 1987 1378 2020 Ρ
1410 2000 1427 2023 ε
1431 1984 1725 2032 ξηκονταπηχεισ
1750 1988 1780 2020 Α
1809 1985 1887 2033 εξη-

238 2039 482 2087 κονταπήχησ
505 2042 574 2076 ML
601 2040 780 2088 ἐξήκοντα
804 2038 936 2089 πήχεισ
960 2043 1026 2079 VR
1050 2041 1352 2089 εξηκοντάπηχησ
1377 2043 1403 2077 C
1496 2055 1623 2078 συνετε
1627 2042 1753 2088 ὶέσθη]
1786 2056 1888 2079 συνε-

238 2097 329 2143 τέθη
355 2097 380 2132 Ο
473 2100 492 2131 6
520 2094 709 2144 ὀξυβέλεσι
733 2098 823 2134 PLG
915 2102 934 2133 9
958 2099 1077 2145 μέγαν
1104 2098 1123 2135 ὂ
1151 2100 1287 2145 σίλβασ
1312 2102 1358 2133 tr.
1383 2099 1413 2133 L
1517 2101 1693 2144 συνεχεῖς]
1719 2104 1888 2144 συνεχεῖσ

238 2154 275 2189 δὲ
300 2153 329 2186 L
421 2151 603 2189 κελεύσασ
627 2157 680 2190 τῶ
705 2156 816 2200 τείχει
842 2158 1033 2191 ποιεῖσθαι
1057 2159 1102 2190 tr.
1126 2155 1156 2189 L
1250 2157 1305 2202 τῷ
1328 2156 1440 2200 τείχει
1464 2164 1532 2189 om.
1560 2153 1586 2187 C
1695 2158 1735 2189 10
1759 2154 1888 2201 μέρος]

237 2208 370 2254 μέριοσ
402 2208 546 2254 (μέριοσ
580 2210 619 2251 C)
651 2205 766 2246 αὐτοῦ
790 2209 1035 2245 MLVRCLat
1192 2207 1377 2257 κατήριψε
1402 2210 1463 2244 ΡΑ
1493 2210 1700 2258 κατέρριψε
1724 2210 1754 2244 L

241 2268 277 2298 11
307 2265 343 2300 δὲ
367 2264 432 2299 VR
524 2262 858 2312 ὠκοδομησάμενοι
885 2267 911 2301 C
1007 2269 1045 2300 12
1070 2262 1158 2312 μηδ’
1183 2266 1242 2301 LC
1335 2266 1522 2311 πήσεσθαι
1547 2266 1579 2300 R
1701 2269 1740 2300 13
1766 2268 1840 2309 καὶ,
1864 2280 1888 2302 κ

239 2330 282 2354 ex
308 2333 326 2354 ν
352 2330 442 2355 corr.
468 2320 597 2355 uid.A
716 2325 754 2356 14
779 2321 1421 2366 δυνάμεΙῙ************πωΡ
1535 2320 1889 2368 μεγάλασ]****ἦ-

238 2388 311 2411 κοσ
334 2375 362 2409 Ρ
476 2373 665 2421 μεγάλουσ
688 2376 718 2410 L
743 2375 960 2423 μεγάλα-ο,
984 2388 1074 2413 eras,
1100 2394 1111 2413 ι
1136 2378 1167 2413 V
1279 2376 1424 2424 μήκουσ
1450 2378 1475 2413 C
1592 2382 1630 2412 15
1656 2373 1692 2413 ‹5'
1717 2377 1776 2413 LO

244 2434 281 2463 16
306 2431 453 2467 πλάτοσ
479 2441 522 2466 ex
546 2431 715 2468 πλάτουσ
733 2443 825 2467 corr.
844 2433 870 2468 C
944 2437 980 2467 17
1007 2433 1189 2480 ἐνέφερον
1204 2434 1229 2468 C
1256 2431 1491 2479 συνεφόρουν
1506 2433 1580 2468 Zon
1651 2434 1689 2470 δὲ
1706 2444 1772 2469 om.
1789 2434 1821 2468 L

239 2489 310 2531 μηδ
318 2481 326 2494 '
340 2486 369 2520 L
383 2483 431 2532 μὴ
447 2487 472 2521 C
534 2488 624 2533 μηδὲ
639 2484 865 2534 ὑψουμένου]
879 2486 927 2534 μὴ
947 2489 1180 2534 τυπτομένου
1194 2490 1367 2525 Destinon
1433 2492 1471 2524 18
1484 2486 1700 2536 ὕψουμένου
1714 2500 1758 2524 ex
1773 2486 1888 2536 ὑψοὺ-

239 2555 357 2586 μενον
382 2553 472 2577 corr.
498 2543 531 2576 A
629 2542 777 2590 ἑτέροιο
800 2545 829 2578 L
921 2546 1078 2590 ἐπικάρ·
1097 2547 1221 2582 ·σιάισ
1244 2546 1277 2581 V
1373 2548 1412 2580 19
1437 2545 1576 2581 διέδουν
1599 2544 1641 2580 L.
1667 2545 1824 2580 Dindorf

240 2600 282 2630 20
305 2597 503 2642 οἰκονομία
521 2599 587 2634 VR
656 2602 732 2635 τῶν
750 2597 870 2645 ἔργων
887 2601 917 2635 L
941 2604 995 2649 τῷ
1008 2598 1105 2649 ἔργῳ
1123 2601 1294 2636 Destinon
1356 2598 1632 2647 παραπλήσιον]
1650 2601 1752 2636 LLat
1768 2614 1888 2647 παρα·

240 2654 376 2698 πλησία
395 2653 584 2689 PALVRC
600 2656 774 2698 probante
791 2655 986 2690 Destinone
1049 2659 1125 2692 τῶν
1142 2678 1184 2682 —
1202 2660 1243 2691 22
1262 2657 1553 2703 στεριφώτερον]
1571 2656 1635 2691 sed
1649 2655 1735 2699 quia
1752 2654 1891 2689 cedenti

241 2708 305 2749 (sic
321 2708 497 2743 Destinon
515 2710 665 2744 cedendi
687 2710 802 2752 codd.)
826 2711 1076 2755 inferebantur
1092 2712 1338 2747 machinarum
1355 2713 1448 2747 ictus
1464 2712 1725 2747 euanescebant
1741 2711 1888 2755 lutoque

239 2764 439 2799 subsidente
470 2767 685 2800 strictiorem
713 2767 893 2811 fabricam
915 2767 1103 2810 faciebant
1124 2768 1196 2802 Lat
1309 2767 1346 2804 δὲ
1369 2768 1465 2803 VRG
1583 2770 1620 2801 21
1648 2764 1748 2813 πρὸς
1771 2763 1886 2807 εἶκον]

239 2819 386 2855 Hudson
417 2824 452 2854 et
481 2831 524 2855 ex
555 2832 645 2856 corr.
672 2822 702 2855 T
725 2821 820 2866 apud
846 2822 1076 2857 Oardwellum
1101 2821 1310 2868 προσεικὸσ
1335 2823 1463 2859 PLVR
1486 2825 1703 2870 προσεικῶσ
1725 2823 1758 2855 A
1781 2820 1888 2868 πρὸσ

239 2874 345 2913 εἰκὸσ
374 2876 441 2911 ΜΟ
512 2878 712 2921 συνίζανον
736 2877 807 2912 ML
840 2874 1045 2922 συνήζανον
1070 2878 1096 2912 C
1166 2877 1360 2916 ἐποιόυντ’
1390 2879 1416 2914 C
1486 2881 1529 2913 22
1559 2875 1835 2925 στεριφότερον
1859 2875 1887 2910 C

1917 865 1954 899 10

1918 1202 1954 1234 15
