1987 3246
179 159 263 193 XIV
912 156 1101 190 Praefatio.

181 272 255 315 sed
293 285 345 314 ex
378 271 526 314 eodem
559 284 641 323 quo
676 268 811 311 codex
847 270 938 322 ipse
974 273 1087 311 ortus
1124 275 1208 323 est,
1248 271 1328 314 nisi
1357 273 1485 315 alium
1522 273 1650 316 fuisse
1687 273 1834 316 statuis

182 340 221 380 ei
252 338 519 392 persimilem.
585 335 697 389 quod
728 348 777 377 eo
801 336 993 388 cernitur,
1026 336 1137 389 quod
1160 339 1494 392 supplementum
1525 352 1695 394 prorsus
1728 340 1834 382 eius-

182 406 277 447 dem
321 408 383 446 est
420 403 586 456 generis
625 416 674 445 ac
712 402 876 455 reliqua
915 402 1145 457 eodemque
1184 405 1310 447 modo
1349 406 1545 448 affectum
1586 421 1612 449 a
1650 406 1835 449 secundo

182 474 427 523 correctore,
460 470 531 523 qui
563 469 675 511 haud
706 470 837 511 multo
869 474 963 524 post
991 470 1094 511 etin
1116 474 1231 512 textu
1252 471 1440 514 radendo
1461 477 1533 515 aut
1553 473 1734 516 delendo
1764 477 1837 515 aut

182 536 379 579 addendo
420 538 551 579 multa
600 536 782 580 correxit
824 542 895 578 aut
932 537 1112 590 margini
1151 538 1373 591 inscripsit.
1443 540 1588 582 tertius
1628 544 1835 582 corrector

182 604 337 647 saeculi
377 604 464 646 fere
495 605 575 646 XV
605 609 648 646 et
676 604 777 646 XVI
817 604 859 644 in
897 604 1086 656 margine
1133 617 1209 646 sua
1248 604 1455 657 quaedam
1493 605 1694 649 adnotare
1733 608 1834 650 satis

180 671 337 713 habuit.
414 672 573 725 primus
605 671 715 714 hunc
751 670 939 713 codicem
971 671 1156 713 excussit
1186 671 1357 725 Rosius,
1396 673 1513 715 cuius
1545 674 1678 727 copiis
1717 673 1834 715 Hud-

180 751 305 781 sonus
355 752 453 781 usus
504 744 578 782 est.
688 739 857 780 Niesius
913 737 1101 779 codicem
1151 738 1488 791 permittentibus
1542 740 1834 794 Lipsiensibus

179 805 327 848 habuit
365 806 601 860 Marburgi‚
650 806 726 848 sed
770 819 853 848 non
898 810 1028 848 totum
1073 805 1268 857 contulit,
1311 805 1385 847 sed
1429 810 1569 859 partes
1614 807 1833 860 quasdam,

179 877 220 914 et
263 876 485 926 praeterea
529 873 571 915 in
617 873 876 927 corrigendis
921 871 1234 926 typothetarum
1283 873 1467 926 plagulis
1512 874 1664 916 multos
1718 875 1834 916 locos

178 940 376 993 inspexit.

297 1009 358 1048 12.
392 1006 528 1049 codex
560 1006 842 1049 bibliothecae
872 1005 1164 1059 Lugdunensis
1197 1006 1453 1048 Batauorum
1484 1007 1714 1049 Vossianus
1734 1009 1761 1055 ¹)
1793 1007 1835 1049 in

179 1074 250 1116 sol.
282 1087 341 1127 gr.
373 1087 460 1116 nro.
496 1075 546 1115 72
578 1074 737 1116 saeculi
768 1073 846 1114 XV
877 1073 1072 1115 foliorum
1108 1074 1184 1115 138
1225 1073 1471 1116 chartaceus
1511 1074 1631 1116 initio
1671 1078 1713 1116 et
1751 1073 1834 1116 fine

179 1141 361 1183 mutilus.
422 1141 522 1183 olim
552 1139 630 1182 fuit
660 1139 881 1189 Petauii'2).
944 1140 1092 1193 incipit
1121 1153 1161 1193 p.
1194 1143 1231 1193 9,
1258 1143 1306 1182 18
1349 1138 1545 1189 στάσεως
1582 1148 1676 1189 τοῖς
1707 1139 1834 1181 δυνα-

182 1215 284 1258 τοῖς,
303 1207 457 1250 desinit
473 1222 512 1262 p.
533 1210 626 1261 600,
645 1210 697 1248 24
713 1209 857 1260 μένειν
877 1204 1052 1248 ἀνεκτὸν
1069 1204 1109 1260 ἐς
1131 1207 1394 1261 insequentia
1410 1208 1540 1249 uerba
1557 1205 1673 1248 δόκει
1690 1205 1834 1260 λαβοῗν

179 1274 225 1315 δὲ
255 1273 332 1330 τὴν
361 1282 541 1328 γυναῖκα
572 1275 613 1315 in
644 1275 800 1328 pagina
830 1275 1028 1327 contigua
1059 1278 1207 1326 postea
1237 1275 1432 1329 suppleta
1462 1279 1570 1325 sunt,
1600 1275 1778 1317 fortasse
1808 1288 1835 1316 a

179 1342 376 1395 Petauio;
402 1341 515 1383 idem
537 1342 702 1383 titulum
720 1341 937 1383 addidisse
958 1340 1124 1383 uidetur
1147 1342 1218 1394 qui
1240 1354 1349 1383 nunc
1371 1345 1453 1383 est:
1486 1340 1678 1395 φλαβίου
1703 1339 1834 1395 {coci}-

180 1425 267 1449 που
300 1407 521 1461 ἰουόαϊκῆς
554 1407 750 1463 ἱστορίας
781 1409 884 1459 περὶ
918 1403 1123 1456 ἁλώσεως
1143 1407 1462 1463 ]Ιααίῑ”]οεο])]ιί
1483 1407 1678 1447 Iudaicae
1707 1407 1834 1447 histo-

177 1521 266 1559 riae
297 1519 347 1559 (le
377 1519 653 1560 destructione
685 1487 741 1560 λζ
766 1522 791 1560 ἆ
824 1519 927 1559 libet·
958 1519 1037 1566 1²⁴&
1072 1519 1219 1561 horum
1251 1520 1361 1561 enim
1393 1521 1527 1561 solum
1560 1519 1609 1560 λο
1642 1525 1669 1560 ᾶ
1698 1520 1751 1561 ab
1783 1533 1834 1562 eo

180 1588 379 1641 scriptum
412 1591 486 1639 est,
518 1589 589 1640 qui
620 1587 809 1629 codicem
842 1589 1045 1629 exal-anit.
1107 1587 1149 1627 in
1180 1587 1367 1639 margine
1398 1591 1523 1628 notae
1554 1592 1648 1628 sunt
1678 1588 1835 1628 multae

179 1656 309 1697 minio
340 1655 501 1708 pictae;
533 1655 638 1696 alias
669 1655 820 1707 partim
841 1654 1012 1696 Latinas
1034 1654 1186 1707 partim
1209 1652 1393 1695 Graecas
1424 1653 1591 1696 addidit
1621 1654 1833 1696 Petauius.

179 1722 367 1763 codicem
399 1721 681 1763 adhibuerunt
711 1721 897 1772 Hudson‚
930 1721 1043 1774 apud
1075 1734 1197 1773 quem
1233 1721 1461 1762 Vossianus
1497 1721 1647 1771 (Voss.)
1687 1721 1833 1774 appel-

177 1789 305 1841 latur,
347 1793 388 1830 et
418 1788 713 1842 Haueikamp,
754 1789 820 1830 cui
851 1788 1261 1840 Lugduno-Batauus
1293 1788 1354 1836 (L.
1388 1788 1450 1837 B.)
1482 1787 1612 1829 audit.
1678 1788 1833 1830 deinde

178 1856 347 1898 Niesius
379 1856 526 1897 habuit
556 1856 781 1909 Mai-burgi,
813 1856 998 1908 inspexit
1028 1859 1069 1896 et
1100 1855 1214 1896 locos
1245 1854 1449 1906 quosdam
1482 1855 1668 1896 contulit.

295 1926 356 1964 13.
389 1923 525 1965 codex
556 1923 862 1976 Neapolitanus
892 1921 1175 1963 bibliothecae
1207 1921 1340 1962 Musei
1376 1921 1601 1964 Boi-bonici
1640 1922 1702 1962 III
1724 1922 1756 1963 B
1785 1924 1831 1962 17

180 1991 457 2043 bombycinus
489 1990 646 2031 saeculi
677 1989 788 2031 XIV.
822 1989 1005 2030 continet
1028 1989 1207 2042 primum
1230 1987 1400 2041 Iosephi
1422 1988 1577 2030 bellum
1600 1989 1831 2042 Iudaicum,

178 2057 291 2110 quod
322 2057 470 2110 incipit
500 2058 571 2098 fol.
598 2060 616 2096 1
652 2056 839 2110 φλαυϊου
881 2053 1080 2110 ἷωσήπου
1111 2055 1212 2107 περὶ
1246 2051 1449 2103 ἁλώσεως
1486 2054 1611 2108 λόγος
1642 2057 1831 2108 πρῶτος.

177 2123 267 2165 finit
297 2125 366 2165 fol.
395 2126 446 2164 99
479 2124 786 2177 subscriptione
817 2123 1000 2164 adiecta:
1033 2122 1223 2176 φλαυΐου
1247 2120 1446 2176 ἰωσήπού
1471 2120 1691 2177 ἷουὸαϊκῆς
1715 2122 1831 2163 ἱστο-

179 2193 276 2242 ρίας
316 2191 418 2243 περὶ
457 2187 662 2238 ἁλώσεως
703 2188 828 2243 λόγος
869 2188 1065 2240 ἕβδομος.
1139 2189 1262 2236 τέλος
1299 2190 1376 2229 τοῦ
1417 2188 1617 2242 δευτέρου
1656 2189 1831 2241 βιβλίου

179 2259 253 2297 τοῦ
295 2255 521 2312 ἰωσήπου·
563 2257 687 2306 τέλος
716 2257 840 2305 τέλος
870 2256 1013 2303 τέλος.
1083 2256 1268 2309 sequitur
1308 2256 1591 2297 testimonium
1631 2255 1831 2298 Christia—

178 2338 274 2366 num
313 2330 357 2367 ut
396 2325 437 2366 in
468 2325 509 2366 M
549 2329 590 2367 et
621 2325 668 2366 V.
743 2324 842 2366 dein
880 2324 1100 2365 interiecta
1137 2336 1220 2364 una
1258 2323 1415 2375 pagina
1451 2336 1605 2364 uacua:
1639 2317 1830 2375 ἆγαθίου

179 2392 464 2443 σχολαστικοῦ
497 2391 702 2445 ἱστοριῶν
735 2392 776 2431 ἆ.
829 2394 915 2431 tum
946 2389 1019 2431 fol.
1049 2392 1128 2430 144
1160 2388 1420 2444 δημηγορίαι
1451 2388 1831 2444 παρεκβληθεῖσαι

182 2453 270 2499 ἀπὸ
295 2460 370 2513 τῆς
391 2457 658 2499 θουκυόἱόου
687 2457 937 2512 συγγραφῆς
957 2457 1033 2511 τῆς
1054 2454 1233 2510 πρώτης
1263 2455 1440 2497 adiectis
1471 2457 1681 2510 excerptis
1704 2456 1832 2497 etiam

179 2538 232 2567 ex
263 2527 357 2568 aliis
395 2527 514 2567 libris
546 2524 848 2578 Thucydideis.
911 2524 1095 2576 inspexit
1129 2523 1320 2575 Niesius;
1360 2527 1508 2575 postea
1546 2523 1632 2564 alia
1672 2522 1832 2564 euoluit

178 2593 390 2645 Augustus
421 2594 530 2634 Mau.

298 2663 359 2701 14.
392 2660 529 2702 codex
559 2659 864 2712 Neapolitanus
896 2670 954 2710 gr.
988 2656 1047 2697 III
1077 2656 1111 2696 B
1147 2658 1196 2697 19
1229 2655 1407 2707 scriptus
1447 2655 1615 2697 saeculo
1646 2655 1727 2697 XV
1758 2668 1829 2698 ex·

300 2784 327 2820 1)
360 2780 543 2822 catalogus
578 2778 748 2813 librorum
791 2777 1027 2812 bibliothecae
1058 2776 1224 2819 pub11cae
1255 2775 1667 2818 Lugduno-Batauicae
1704 2775 1829 2819 (Lugd.

179 2835 379 2876 Bat.1716)
403 2846 437 2878 p.
464 2838 539 2869 395.
702 2836 734 2876 2)
758 2833 818 2867 fol.
848 2836 859 2866 1
889 2833 925 2866 in
955 2832 1109 2875 margine
1142 2833 1255 2865 extat:
1291 2831 1442 2865 Alexan.
1468 2830 1643 2867 Petauz'us
1671 2829 1830 2866 Senator

177 2889 295 2924 Paris.
321 2891 415 2924 4657.
