2018 3236
198 130 278 166 504
614 127 679 161 DE
701 125 860 160 BELLO
884 124 981 160 IUD.
1006 125 1038 160 V
1064 128 1239 161 507—515
1265 127 1324 168 (xn
1351 131 1381 160 2.
1409 129 1440 168 3)

85 246 164 286 508
198 242 314 291 ξατο.
374 239 422 281 τὸ
455 239 532 292 μὲν
564 229 638 279 οῦν
676 247 813 290 τεῖχος
852 237 947 287 ἑνὸς
987 237 1160 288 δέοντος
1198 236 1524 292 τεσσαράκοντα
1563 238 1755 281 σταδίων
1785 229 1846 296 ἦν,

197 308 362 358 ἔξωθεν
394 301 434 346 δ’
466 301 583 359 αὐτῷ
616 304 1002 362 προσῳκοδομήθη
1034 304 1313 360 τρισκαίδεκα
1345 305 1547 361 φρούρια,
1579 306 1649 347 καὶ
1682 305 1847 348 τούτων

85 381 164 420 509
197 375 238 416 οἱ
276 373 422 415 κύκλοι
459 372 560 413 δέκα
600 373 951 428 συνηριθμοῦντο
993 372 1198 414 σταδίων.
1257 374 1376 427 τρισὶ
1416 368 1454 414 δ)
1491 368 1755 428 ᾠκοδομήθη
1795 373 1843 416 τὸ

198 443 284 482 πᾶν
315 437 516 496 ἡλιιέραις,
558 435 617 487 ῶς
647 437 694 480 τὸ
728 439 806 492 μὲν
846 439 967 494 ἔργον
1006 441 1153 496 μηνῶν
1194 436 1335 495 [εἶναι]
1376 435 1518 491 ἄξιον,
1558 439 1607 482 τὸ
1640 441 1769 495 τάχος
1801 437 1842 483 δ’

85 517 163 555 510
198 506 418 565 ἡττᾶσθαι
449 509 655 555 πίστεως.
706 507 986 562 περικλείσας
1009 506 1055 548 δὲ
1076 508 1135 562 τῴ
1159 510 1290 559 τείχει
1312 505 1389 562 τὴν
1412 506 1544 550 πόλιν
1565 509 1636 551 καὶ
1668 507 1849 563 δύναμιν
1878 515 1896 547 5

194 584 285 623 τοῖς
322 577 551 630 φρουρίοις
591 573 912 631 ἐγκαταστήσας
942 573 1019 629 την
1049 573 1128 627 μὲν
1159 572 1337 630 πρώτην
1368 573 1563 630 φυλακὴν
1592 577 1669 630 τῆς
1699 575 1850 625 νυκτὸς

194 640 377 696 περιιων
409 636 540 690 αὐτὸς
570 637 877 693 ἐπεσκέπτετο,
909 640 986 697 τὴν
1008 640 1211 696 δευτέραν
1234 636 1274 683 δ’
1302 640 1544 699 ἐπέτρεψεν
1561 638 1847 699 Ἀλεξάνδρῳ,

85 717 159 755 511
195 708 271 765 τὴν
302 712 451 764 τρίτην
484 703 524 748 δ’
562 707 714 760 ἔλαχον
746 708 787 750 οἵ
819 710 905 750 τῶν
936 708 1169 764 ταγμάτων
1199 705 1417 764 ἡγεμόνες.
1479 709 1779 766 διεκληροῦντο
1803 706 1844 752 δ)

195 776 235 817 οἱ
268 775 456 832 φύλακες
485 773 587 824 τοίς
617 770 793 827 ὕπνους,
825 777 895 818 καὶ
929 772 989 818 δι’
1025 771 1129 832 ὅλης
1160 776 1310 826 νυκτὸς
1342 777 1580 833 περιῄεσαν
1609 776 1719 819 κατὰ
1751 777 1848 820 δια-

193 842 392 898 στήματα
421 845 508 884 τῶν
540 846 776 898 φρουρίων.
1880 853 1916 885 10

83 918 162 957 512
306 914 342 952 3.
384 905 613 959 Ἰουδαίοις
655 910 699 952 δὲ
738 909 849 963 μετὰ
888 913 974 952 τῶν
1014 910 1173 961 ἐξόδιον
1219 907 1423 968 ἀπεκόπη
1465 913 1591 953 πᾶσα
1631 915 1849 967 σωτηρίας

195 977 332 1029 ἐλπίς,
364 980 435 1021 καὶ
465 977 667 1031 βαθύνας
690 975 821 1020 αὗτὸν
842 975 863 1020 ὃ
888 978 1015 1032 λιμὸς
1035 975 1130 1021 κατ’
1159 979 1303 1028 οἴκοι-ς
1334 980 1403 1021 καὶ
1434 977 1584 1034 γενεὰς
1613 977 1689 1020 τὸν
1712 978 1847 1035 δῆμον

85 1054 163 1092 513
196 1044 472 1099 ἐπεβόσκετο.
542 1047 614 1087 καὶ
654 1044 707 1087 τα
748 1045 826 1099 μὲν
866 1045 964 1102 τέγη
1005 1046 1272 1104 πεπλήρωτο
1311 1048 1523 1101 γυναικῶν
1561 1047 1632 1088 καὶ
1672 1048 1848 1102 βρεφῶν

194 1111 446 1165 λελυμένων,
480 1113 521 1154 οἱ
549 1115 770 1155 στενωποὶ
794 1113 839 1155 δὲ
860 1113 1074 1168 γερόντων
1105 1116 1276 1167 νεκρῶν,
1309 1114 1467 1162 παῖδες
1499 1113 1544 1156 δὲ
1574 1115 1644 1156 καὶ
1678 1117 1847 1156 νεανίαι

194 1179 460 1229 διοιδοῦντες
499 1174 648 1234 ὥσπερ
689 1180 852 1222 εἴδωλα
882 1181 992 1223 κατὰ
1024 1180 1103 1230 τὰς
1135 1176 1296 1236 ἀγορὰς
1336 1177 1586 1224 ἀνειλοῦντο
1618 1183 1687 1224 καὶ
1721 1180 1848 1223 κατέ-
1879 1190 1915 1221 15

83 1258 162 1296 514
194 1262 361 1288 πιπτον
394 1244 480 1302 ὅπῃ
512 1246 610 1289 τινὰ
632 1246 680 1289 τὸ
705 1247 859 1297 πάθος
879 1248 1222 1302 καταλαμβάνοι.
1272 1248 1469 1290 θάπτειν
1501 1248 1546 1290 δὲ
1575 1248 1676 1298 τοὺς
1706 1264 1848 1303 προσ-

194 1312 374 1368 ήκοντας
413 1310 512 1356 οὕτε
551 1314 698 1367 ἴσχυον
738 1316 779 1357 οἱ
810 1315 1046 1368 κάμνοντες
1076 1317 1147 1358 καὶ
1180 1314 1226 1357 τὸ
1261 1316 1506 1358 διευτονοῦν
1540 1313 1666 1359 (ὄκνει
1699 1315 1772 1358 διά
1801 1332 1848 1358 τε

193 1381 369 1436 πλῆθος
408 1384 494 1423 τῶν
533 1385 692 1437 νεκρῶν
724 1385 796 1425 καὶ
830 1382 902 1425 διὰ
933 1381 981 1425 τὸ
1017 1382 1128 1426 κατὰ
1169 1386 1287 1440 σφᾶς
1329 1380 1509 1440 ἄδηλον·
1550 1385 1707 1426 πολλοὶ
1746 1385 1848 1438 γοῦν

193 1456 286 1497 τοῖς
324 1444 403 1490 ὑπ’
440 1445 582 1492 αὐτῶν
624 1453 930 1504 θαπτομένοις
969 1450 1335 1507 ἐπαπέθνησκον,
1377 1451 1537 1493 πολλοὶ
1578 1451 1623 1492 δὲ
1664 1450 1736 1493 ἐπὶ
1769 1450 1848 1500 τὰς

83 1522 161 1561 510
196 1513 339 1568 θήκας
370 1517 478 1570 πρὶν
510 1515 743 1572 ἐπιστῆναι
773 1517 821 1559 τό
847 1517 985 1572 χρεῶν
1017 1519 1261 1575 προῆλθον.
1314 1515 1413 1560 οὔτε
1435 1518 1480 1560 δὲ
1501 1521 1667 1576 θρῆνος
1690 1518 1732 1560 ἐν
1753 1527 1851 1568 ταῖς
1881 1525 1917 1557 20

196 1592 443 1638 συμφοραῖς
477 1579 571 1624 οὔτ’
608 1582 859 1639 ὀλοφυρμὸς
891 1575 955 1641 ἦν,
989 1581 1087 1627 ἄλλ)
1122 1583 1143 1628 ὁ
1179 1584 1305 1639 λιμὸς
1335 1582 1485 1642 ἤλεγχε
1513 1585 1569 1628 τὰ
1600 1585 1744 1642 πάθη,
1777 1585 1849 1642 ξη-

195 1658 288 1702 ροῖς
311 1650 356 1691 δὲ
377 1659 471 1699 τοῖς
502 1646 671 1703 ὄμμασι
701 1654 772 1693 καὶ
806 1648 1013 1708 σεσηρόσι
1043 1662 1137 1702 τοῖς
1169 1652 1384 1705 στόμασιν
1407 1653 1448 1695 οἵ
1471 1653 1849 1702 δυσθανατοῦντες

195 1714 400 1772 ἐφεώρων
447 1716 549 1766 τοὶ-ς
599 1717 867 1773 φθάσαντας
907 1718 1280 1769 ἀναπαύσασθαι,
1331 1723 1499 1771 βαθεῖα
1542 1720 1587 1761 δὲ
1633 1730 1848 1774 περιεῖχεν

309 1827 540 1863 PAMLVRC
552 1828 622 1862 Lat
636 1828 858 1874 Hegesippus
888 1830 921 1864 V
952 1833 990 1864 21
1030 1841 1063 1874 p.
1099 1832 1175 1866 320.
1228 1830 1405 1864 Eusebius
1436 1830 1517 1864 hist.
1554 1831 1638 1864 eccl.
1676 1831 1729 1864 III
1755 1833 1791 1872 6,
1817 1834 1846 1865 (3.

190 1883 349 1918 Zonaras
374 1884 389 1917 I
415 1896 448 1928 p.
469 1888 544 1918 534.

312 1946 322 1975 1
351 1940 629 1987 τεσσεράκοντα
654 1943 737 1977 V¹R
852 1944 870 1975 2
902 1942 940 1978 δὲ
964 1941 1058 1976 VRO
1173 1937 1287 1977 αὐτοῦ
1311 1941 1340 1975 L
1456 1943 1474 1973 3
1500 1941 1538 1977 δὲ
1562 1941 1627 1976 VR
1741 1946 1761 1976 4
1786 1939 1848 1984 ὡς]

193 1992 290 2033 ὥστε
315 1998 345 2031 L
437 2000 517 2042 μὲν]
543 2002 620 2034 πᾶν
642 1999 711 2043 μὲν
734 1999 763 2033 L
857 1995 962 2038 εἶναι]
988 2008 1056 2032 om.
1078 1997 1139 2031 PA
1159 1997 1340 2032 uideretur
1358 1997 1425 2031 Lat
1516 1991 1631 2042 τάχος
1656 1994 1701 2039 δ’]
1728 1999 1848 2044 τάχοο·

194 2054 231 2089 δὲ
257 2054 322 2089 VR,
346 2054 384 2090 δὲ
409 2052 531 2099 τάχοσ
556 2055 581 2088 C
676 2059 694 2089 5
719 2052 901 2101 ἡττῆσθαι
927 2053 1054 2088 LVRC
1148 2055 1270 2098 τείχει]
1296 2050 1401 2097 τάχει
1425 2052 1491 2087 VR
1590 2056 1608 2086 6
1635 2059 1848 2101 φρουρϊοισ,

192 2115 227 2145 ϊο
255 2120 297 2144 ex
323 2120 413 2145 corr.
440 2110 478 2144 M
551 2114 567 2144 Τ
595 2106 855 2147 α’πεσκέπτετο
881 2110 914 2145 R
983 2109 1020 2145 δὲ
1044 2108 1139 2144 VRC
1210 2112 1228 2143 8
1255 2108 1292 2144 δὲ
1315 2108 1410 2143 VRO
1478 2108 1500 2142 i.
1527 2119 1637 2152 marg.
1662 2108 1725 2156 λβ’
1753 2110 1779 2144 C

193 2166 231 2201 δὲ
255 2165 322 2200 VR
482 2171 501 2201 9
527 2165 771 2214 διαστήματα]
798 2166 843 2203 τά
877 2164 1109 2211 διαστήματα
1136 2165 1173 2198 Μ
1198 2162 1380 2210 διάστημα
1415 2164 1480 2198 LR
1505 2168 1584 2209 (per
1608 2165 1848 2207 castellorum)

191 2222 311 2266 spacia
336 2222 406 2256 Lat
547 2227 584 2258 11
610 2219 810 2266 Ἰουδαίοις]
834 2223 943 2267 incip.
968 2222 1147 2256 Eusebius
1285 2217 1470 2256 οἷπεκόπει
1497 2220 1522 2254 G
1655 2224 1693 2255 12
1720 2218 1847 2263 αὑτὸν]

192 2275 316 2314 cci-mbr
342 2279 402 2313 PA
429 2278 566 2316 ἑαυτὸν
590 2279 649 2313 LO
662 2280 781 2315 Euseb
808 2275 925 2316 αὐτὸν
949 2278 1016 2314 VR
1143 2273 1241 2313 κατὰ
1268 2277 1297 2310 L
1428 2279 1468 2310 13
1492 2273 1676 2322 ἐβόσκετο
1702 2277 1778 2311 Zon

191 2332 437 2381 ἐπεπλήρωτο
463 2335 492 2368 L
611 2339 651 2369 14
675 2335 929 2380 ἐκλελυμένων
952 2334 1027 2368 Zon
1135 2334 1314 2368 στενοποὶ
1339 2331 1371 2365 R
1480 2335 1520 2365 16
1546 2331 1594 2374 δὲ]
1621 2345 1661 2368 τε
1686 2333 1782 2367 VRC

196 2392 233 2424 17
260 2388 346 2426 οὔτ’
372 2391 401 2424 L
510 2388 724 2428 διεῦτόνουν
748 2394 778 2426 Α
893 2388 950 2426 διά
976 2392 1029 2430 τε]
1055 2389 1085 2422 L
1109 2393 1144 2423 et
1168 2388 1314 2422 Eusebii
1340 2387 1416 2422 cod.
1443 2387 1474 2420 E
1499 2384 1558 2423 διὰ
1581 2385 1626 2423 τὸ
1652 2388 1848 2423 PAMVRC

192 2444 249 2482 διά
276 2460 315 2482 τε
341 2445 385 2483 τὸ
411 2447 557 2482 Eusebii
583 2448 684 2483 codd.
711 2448 836 2491 reliqui
860 2451 894 2482 et
911 2449 1068 2492 propter
1092 2445 1162 2478 Lat
1278 2445 1317 2478 18
1341 2445 1405 2478 καὶ
1430 2441 1501 2484 διὰ]
1525 2443 1555 2476 L
1581 2448 1615 2477 et
1631 2446 1671 2478 ut
1690 2444 1761 2478 uid.
1781 2444 1849 2478 Lat

192 2505 255 2537 καὶ
280 2503 603 2539 PAMVRCEuseb
696 2507 799 2549 γοῦν]
827 2497 893 2539 οὖν
916 2503 946 2537 L
1042 2504 1081 2536 19
1106 2497 1171 2544 ὑφ’
1198 2495 1322 2535 αὐτῶν
1345 2499 1422 2541 (Sic)
1446 2499 1476 2532 L
1563 2494 1598 2534 δ’
1622 2499 1803 2534 LCEuseb

194 2562 329 2594 πολλοὶ
356 2580 390 2583 -
422 2563 463 2594 20
488 2563 686 2606 προῆλθον
711 2559 898 2594 obscurius
924 2557 1019 2592 dicta
1108 2553 1225 2603 χρεὸν
1246 2555 1279 2589 R
1370 2557 1580 2601 προῆλθον]
1606 2559 1641 2589 et
1664 2555 1740 2589 uiui
1761 2565 1848 2601 pro-

188 2614 371 2658 per-abant
394 2615 464 2650 Lat
488 2613 714 2661 προυπήδων
738 2614 952 2649 Herwerden
1088 2612 1126 2648 δὲ
1150 2622 1218 2646 om.
1242 2611 1274 2645 V
1412 2614 1450 2644 21
1481 2606 1575 2651 οὔτ’]
1606 2604 1666 2646 ὅτ’
1698 2613 1729 2644 Α
1762 2608 1848 2647 οὔτε

194 2669 383 2704 VREuseb
498 2669 641 2716 ἤλεγχε]
666 2672 933 2715 superabantur
955 2668 1026 2702 Lat
1049 2668 1228 2702 clauserat
1253 2666 1329 2708 Heg
1444 2668 1485 2700 22
1510 2668 1573 2701 καὶ
1598 2685 1640 2690 -
1666 2660 1850 2710 στόμασιν

194 2735 261 2759 om.
287 2726 409 2761 Euseb
496 2724 678 2772 σεσηπόσι
702 2725 801 2761 LVR
825 2726 1006 2770 corruptis
1023 2723 1092 2757 Lat
1176 2719 1339 2765 στόμασι
1363 2721 1390 2754 P
1479 2724 1795 2757 δυσθανατῶντεσ
1812 2723 1847 2756 Μ

195 2786 458 2818 δυσθανιῦντεσ
482 2783 511 2816 L
585 2786 625 2817 23
650 2779 846 2827 ε’·φεώρουν
870 2781 948 2814 ΡΑ1
972 2775 1187 2824 ἐπαιώρουν
1207 2777 1237 2810 L
1262 2773 1442 2821 ἐθεώρων
1466 2777 1492 2810 C
1517 2781 1552 2811 et
1575 2777 1721 2811 Eusebii
1746 2778 1847 2817 codd,

195 2838 335 2882 quidam
362 2839 593 2872 intuebantur
618 2837 687 2871 Lat
790 2834 1078 2873 ἀναπαύσεσθαι
1102 2833 1163 2867 PA
1264 2835 1304 2866 23
1330 2832 1398 2877 τὴν
1421 2827 1532 2867 πόλιν
1557 2829 1637 2878 σιγὴ
1663 2839 1850 2879 περιεῖχεν

193 2900 238 2929 tr.
264 2894 294 2927 L
320 2891 387 2939 τὴν
412 2891 524 2929 πόλιν
549 2899 712 2938 περιεῖχε
738 2890 819 2938 σιγὴ
844 2896 889 2926 tr.
915 2888 1138 2926 VRCEuseb
