2018 3236
95 590 172 630 178

96 724 171 762 179

90 991 166 1031 180

89 1193 161 1232 181

91 1461 166 1500 182

90 1661 167 1701 183

206 143 286 180 536
575 141 639 174 DE
666 139 824 174 BELLO
850 139 947 174 1UD.
973 139 1023 173 VI
1053 142 1225 174 176-183
1250 143 1286 182 (11
1318 146 1366 174 ιο.
1392 144 1428 172 111
1458 143 1486 182 1)

203 251 396 311 γηδόνων
419 253 490 295 ἐπὶ
514 252 563 293 τὸ
589 253 715 304 σῶμα
736 254 813 293 τοῦ
836 252 1050 304 πολεμίου
1081 254 1332 303 κατέπεσεν,
1367 248 1588 310 ὠκυτάτην
1621 249 1852 310 ἀποφήνας

205 322 248 364 ἐν
278 320 458 374 πολέμῳ
489 318 565 375 τὴν
597 318 669 360 ἐπὶ
703 319 765 373 τῷ
796 313 966 372 ἀλόγως
999 313 1245 371 εὐτυχοῦντι
1278 322 1464 373 νέμεσιν.

315 388 387 429 ΙΙΙ.
425 390 458 427 1.
498 385 551 428 Οἱ
584 385 629 426 δὲ
652 381 734 426 ἀνὰ
757 383 805 426 τὸ
832 383 949 439 ἱερὸν
982 388 1246 428 στασιασταὶ
1280 389 1480 443 φανερῶς
1502 403 1548 429 τε
1571 383 1646 429 οὐκ
1677 383 1851 431 ἀνίεσαν

204 453 302 502 τοὺς
325 452 398 494 ἐπὶ
420 454 505 493 τῶν
524 450 740 504 χωμάτιον
763 451 1035 505 στρατιώτας
1057 448 1323 506 ἀμυνόμενοι
1344 450 1451 495 καθ’
1473 453 1656 511 ἑκάστην
1677 452 1850 509 ἡμέραν,

203 521 371 562 καὶτοῦ
395 520 713 574 προειρημένου
744 518 880 575 μηνὸς
911 518 1075 575 ἑβδόμῃ
1097 522 1169 562 καὶ
1196 517 1336 563 εἰκάδι
1369 521 1497 564 δόλον
1530 521 1854 573 ἐπισκευάζονται

203 586 388 629 τοιόνδε.
448 588 524 639 τῆς
555 584 762 639 ἑσπερίου
804 588 937 636 στοᾶς
968 587 1016 627 τὸ
1049 586 1210 640 μεταξὺ
1249 590 1336 630 τῶν
1377 589 1514 631 δοκῶν
1553 591 1624 631 καὶ
1665 592 1740 645 τῆς
1768 586 1847 631 ὑπ’

204 649 336 710 αὐτῆς
367 649 534 710 ὀροφῆς
567 648 669 708 ὕλης
702 648 1042 706 ἀναπιμπλᾶσιν
1075 652 1192 711 αὔης,
1224 654 1338 710 πρὸς
1371 656 1416 697 δὲ
1446 652 1676 712 ἀσφάλτου
1707 673 1753 699 τε
1781 658 1852 700 καὶ

203 726 387 777 πίσσης·
421 716 574 762 ἐ’πειθ)
607 717 665 770 ῶς
694 720 1072 774 καταποιόὑμενοι
1106 721 1243 777 δῆθεν
1274 719 1539 776 ὖπεχώρουν.
1591 723 1703 777 πρὸς
1724 723 1746 766 ὂ
1767 726 1854 766 τῶν

197 788 275 842 μὲν
308 784 539 830 ἀσκέπτων
571 788 728 830 πολλοὶ
752 796 849 837 ταῖς
870 784 1028 841 ὁρμαῖς
1054 788 1291 844 φερόμενοι
1323 794 1607 845 προσέκειντο
1629 800 1721 841 τοῖς
1743 788 1853 834 ὓπο-

195 857 411 910 χωροῦσιν
443 854 520 897 ἐπί
549 871 596 896 τε
617 853 695 911 τὴν
728 853 860 897 στοὰν
892 850 1124 912 ἀνεπήδων
1154 860 1457 910 προσθέμενοι
1488 859 1711 912 κλίμακας,
1743 859 1784 901 οἵ
1807 858 1853 901 δὲ

199 921 483 977 συνετώτεροι
504 921 581 977 τήν
604 919 761 977 ἄλογον
782 921 921 978 τροπὴ
931 940 951 963 ν
972 924 1058 964 τῶν
1085 918 1307 967 Ἰουδαίων
1340 922 1666 981 ὑπονοήσαντες
1688 925 1851 979 ἔμενον.

198 989 484 1046 κατεπλήσθη
512 992 661 1043 μέντοι
683 991 770 1031 τῶν
792 985 1170 1047 ἀναπηδησάντων
1191 988 1215 1046 ἡ
1240 992 1359 1043 στοά,
1392 989 1471 1034 κάν
1491 989 1632 1048 τούτῳ
1651 989 1853 1036 Ἰουδαῖοι

199 1059 348 1099 πᾶσαν
377 1053 725 1111 ὑποπιμπρᾶσιν
750 1052 896 1113 αὐτήν.
949 1057 1180 1113 αἰρομένης
1203 1054 1243 1099 δ)
1273 1059 1507 1115 αἰφνιδίως
1529 1060 1757 1102 πάντοθεν
1778 1062 1854 1116 τῆς

199 1123 362 1180 φλογὸς
392 1123 494 1173 τούς
524 1140 571 1166 τε
603 1123 684 1174 ἔξω
715 1126 793 1166 τοῦ
824 1121 1023 1167 κινδύνου
1050 1122 1285 1178 Ῥωμαίους
1316 1127 1520 1184 ἔκπληξις
1547 1127 1702 1180 ἐπέσχε
1734 1125 1850 1183 δεινὴ

199 1194 270 1234 καὶ
302 1190 403 1241 τοὺς
434 1194 780 1245 περισχεθέντας
811 1187 1043 1247 ἀμηχανία.
1093 1193 1373 1246 κυκλούμενοι
1396 1194 1441 1236 δὲ·
1466 1191 1552 1236 ὑπὸ
1583 1197 1659 1251 τῆς
1689 1193 1853 1251 φλογὸς

200 1260 240 1302 οἱ
271 1259 348 1313 μὲν
381 1258 443 1308 εἰς
474 1257 552 1313 τὴν
583 1258 717 1301 πόλιν
749 1255 896 1301 ὀπίσω
928 1259 1261 1315 κατεκρήμνιζον
1293 1260 1485 1311 ἑαυτούς,
1520 1261 1561 1303 οἱ
1592 1257 1632 1302 δ’
1660 1261 1722 1311 εἷς
1751 1260 1853 1311 τους

200 1328 458 1380 πολεμίους,
500 1326 655 1368 πολλοὶ
690 1322 730 1367 δ’
768 1326 917 1369 ἐλπίδι
955 1331 1174 1383 σωτηρίας
1210 1327 1272 1377 εἰς
1302 1326 1402 1377 τους
1443 1332 1680 1384 σφετέρους
1718 1345 1852 1370 κατα-

199 1394 426 1450 πηδῶντες
458 1392 642 1435 ἒκλῶντο
673 1392 727 1435 τὰ
758 1395 878 1450 μέλη,
914 1395 1136 1436 πλείστων
1158 1390 1199 1436 δ’
1226 1395 1397 1451 ἔφθανε
1427 1395 1506 1445 τὰς
1530 1394 1669 1450 ὁρμὰς
1690 1394 1738 1437 τὸ
1762 1397 1851 1449 πῦρ

198 1465 271 1503 καί
300 1476 415 1510 τινες
444 1459 522 1516 τὴν
554 1460 697 1516 φλόγα
738 1461 915 1516 σιδήρῳ.
977 1471 1169 1515 περιεῖχε
1202 1459 1240 1504 δ’
1279 1459 1445 1512 εὐθέως
1475 1465 1545 1505 καὶ
1578 1462 1678 1512 τοὺς
1710 1459 1852 1512 ἄλλως

199 1530 521 1583 φθειρομένους
542 1526 590 1569 τι)
616 1530 702 1582 πῦρ
726 1528 798 1570 ἐπὶ
818 1529 1026 1571 πλεῖστον
1049 1528 1351 1584 ἐκφερόμενον.
1393 1534 1600 1583 Καίσαρα
1624 1531 1669 1572 δὲ
1690 1534 1849 1584 καίπερ

197 1595 523 1647 χαλεπαίνοντα
553 1603 645 1644 τοῖς
677 1592 1010 1648 ἀπολλυμένοις,
1044 1594 1196 1652 ἐπειδὴ
1225 1596 1323 1648 δίχα
1353 1599 1716 1653 παραγγέλματος
1747 1593 1851 1639 ἀνα-

197 1661 457 1718 βεβήκεσαν,
499 1656 618 1714 ὅμως
650 1659 793 1711 οἶκτος
830 1661 969 1718 εἰσῄει
999 1664 1084 1703 τῶν
1117 1658 1307 1716 ἀνδρῶν·
1346 1665 1416 1705 καὶ
1456 1663 1642 1720 μηδενὸς
1681 1679 1851 1718 προσα-

197 1728 346 1782 μύνειν
379 1728 631 1782 δυναμένου,
663 1731 793 1770 τοῦτο
823 1731 924 1783 γοῦν
955 1729 1246 1781 παραμύθιον
1268 1720 1319 1786 ἦν
1339 1739 1432 1780 τοῖς
1463 1735 1779 1786 φθειρομένοις
1800 1730 1847 1773 τὸ

196 1796 378 1849 βλέπειν
418 1792 528 1849 ὑπὲρ
570 1791 618 1836 οὗ
650 1811 717 1845 τις
755 1791 879 1852 ἠφίει
918 1794 995 1851 τὴν
1036 1794 1177 1849 ψυχὴν
1216 1792 1508 1849 ὀδυνώμενον·
1549 1800 1663 1851 βοῶν
1694 1814 1740 1839 τε
1769 1797 1849 1853 γὰρ

200 1857 349 1912 αυτοῖς
386 1863 459 1905 καὶ
499 1863 741 1919 προπηδῶν
781 1864 853 1904 καὶ
894 1871 987 1912 τοῖς
1027 1864 1130 1916 περὶ
1171 1858 1302 1905 αὐτὸν
1335 1863 1378 1905 ἐκ
1408 1866 1494 1906 τῶν
1526 1864 1710 1907 ἐνόντων
1742 1864 1850 1906 ἐπα-

307 2041 614 2076 PAMLVRCLat
624 2042 690 2086 Syr
701 2041 921 2085 Hegesippus
939 2041 971 2075 V
988 2044 1028 2075 37
1048 2052 1082 2085 p.
1102 2043 1178 2076 352.
1216 2041 1374 2076 Zonaras
1392 2043 1408 2076 I
1425 2053 1459 2086 p.
1480 2045 1555 2077 538.

312 2102 322 2131 l
352 2097 519 2142 πολέμου
543 2097 609 2132 VR
726 2101 743 2131 2
770 2100 835 2143 τῷ]
861 2094 905 2133 τὸ
933 2099 962 2131 A
989 2103 1074 2133 τοῖσ
1099 2097 1264 2132 MLVRC
1373 2094 1565 2144 εὐτυχοῦσι
1591 2099 1758 2135 MLVRC

194 2154 357 2197 νέμεσιν,
390 2167 429 2189 νε
454 2154 475 2188 i.
502 2164 569 2188 ras.
595 2155 627 2188 A
652 2153 775 2198 νέμειν
799 2153 847 2187 R¹
985 2156 1003 2186 3
1036 2153 1058 2186 i.
1085 2163 1192 2195 marg.
1220 2150 1269 2198 ηι’
1297 2154 1372 2197 (Sic)
1398 2154 1424 2189 C
1561 2153 1597 2191 δ’
1625 2156 1759 2191 LCZon

193 2205 279 2250 ἀνὰ]
305 2207 402 2246 κατὰ
428 2210 465 2243 Μ
559 2213 578 2244 5
604 2207 746 2255 ἑβδόμῃ
771 2211 833 2244 καὶ
859 2206 987 2249 εἰκάδι]
1014 2206 1130 2245 εἰκάδι
1154 2206 1295 2255 ἑβδόμη
1319 2210 1349 2244 L
1449 2211 1595 2246 Panemi
1620 2214 1672 2247 27.
1699 2213 1770 2247 dies
1796 2217 1850 2248 est

197 2269 248 2301 15.
266 2266 417 2309 Augusti
441 2265 575 2305 (XVIII
592 2266 663 2300 kal.
683 2266 792 2309 Sept.)
818 2266 903 2300 anni
928 2264 1056 2299 Iuliani
1081 2267 1122 2298 ΤΟ
1147 2275 1181 2308 p.
1201 2264 1282 2300 Chr.
1378 2268 1397 2300 6
1423 2267 1600 2313 Ισπερίου
1625 2267 1651 2301 C
1743 2266 1787 2304 τὸ
1806 2289 1849 2294 -

194 2324 210 2354 7
240 2318 398 2366 ὀροφῆς]
422 2322 581 2364 spatium
607 2321 706 2366 quod
729 2323 822 2356 inter
847 2321 1003 2355 culmina
1028 2331 1071 2354 ac
1097 2320 1215 2355 trabes
1238 2326 1317 2356 erat
1333 2333 1487 2356 uacuum
1505 2322 1574 2357 Lat
1641 2320 1705 2360 ὑπ’
1726 2320 1848 2371 αὐτῆς]

194 2374 262 2412 ἀπ’
291 2372 407 2423 αι’·τῆσ
425 2376 558 2410 MVRC
584 2372 652 2412 ὑπ’
678 2372 807 2418 αὐτοῖς
832 2377 887 2411 ed.
906 2387 959 2421 pr.
978 2371 1042 2411 ἐπ’
1059 2372 1171 2422 αὐτῆς
1189 2376 1266 2412 cod.
1284 2377 1326 2412 L.
1345 2378 1384 2412 B.
1403 2378 1498 2422 apud
1514 2378 1805 2424 Hauerkampum

194 2428 479 2477 οἷναπίμπλασιν
503 2432 532 2466 L
559 2430 853 2477 ἀναπιμπλᾶσιν,
881 2436 900 2468 λ
926 2442 969 2466 ex
996 2446 1016 2476 ρ
1042 2442 1130 2466 corr.
1157 2432 1189 2467 V
1214 2427 1469 2470 ιῖναπιπλᾶσιν
1494 2434 1520 2470 C
1612 2433 1712 2482 αὔης]
1739 2435 1849 2473 στύπ-

194 2501 267 2534 πησ
291 2489 320 2522 L
392 2491 410 2522 8
436 2483 575 2529 ἔπειθ’]
600 2487 680 2524 ἐπεὶ
705 2485 741 2524 δ’
767 2489 795 2523 L
821 2485 950 2524 ἔπειτα
967 2488 1061 2522 VRC
1136 2491 1174 2521 10
1199 2486 1346 2534 ἐπήδων
1361 2490 1458 2525 VRC
1533 2493 1570 2525 12
1588 2494 1701 2527 τοῦτο
1719 2492 1782 2527 PA

195 2543 229 2579 οἳ
255 2543 411 2580 ἰουδαϊοι
436 2544 604 2579 AMVRC
722 2547 761 2579 13
786 2540 1080 2588 ὓποπιμπρῶσιν
1105 2543 1166 2578 VR
1190 2542 1456 2591 ὺποπιπριῦσιν
1481 2546 1506 2579 C
1623 2547 1661 2583 δὲ
1686 2548 1752 2582 VR

194 2612 234 2635 τε
259 2610 326 2634 om.
351 2599 380 2633 L
454 2603 492 2633 15
518 2600 827 2645 περισχεθέντασ,
857 2603 883 2634 θ
906 2599 928 2632 i.
953 2608 1024 2633 ras.
1051 2598 1088 2631 M
1159 2595 1195 2634 δ’
1218 2601 1279 2635 LC
1376 2604 1414 2635 16
1441 2597 1564 2638 ὀπίσω
1590 2613 1657 2638 om.
1685 2603 1782 2637 CLat

192 2657 556 2700 κατακρημνίζοντες
581 2655 754 2690 Destinon
848 2650 988 2690 αὖτοὺσ
1006 2653 1071 2688 AV
1089 2651 1229 2690 αὖτοὺσ
1247 2656 1320 2691 MR
1411 2657 1449 2693 δὲ
1465 2658 1531 2692 VR
1626 2662 1664 2692 17
1684 2659 1721 2695 δὲ
1737 2659 1803 2694 VR

193 2710 245 2752 εἰς
270 2708 357 2752 τοὺς
381 2711 597 2756 σφετέρους]
622 2712 657 2745 in
673 2716 802 2756 puteos
819 2711 888 2744 Lat
959 2712 998 2742 18
1025 2710 1060 2744 δὲ·
1078 2709 1145 2744 VR
1217 2714 1256 2745 19
1282 2712 1319 2747 δὲ
1336 2712 1402 2747 VR
1471 2711 1610 2749 ἄλλουσ
1627 2713 1804 2758 MLatSyr

195 2769 235 2800 20
262 2766 548 2811 φθειρομένους]
572 2766 757 2811 fecye'erztes
781 2765 851 2799 Lat
942 2769 1081 2811 καῖσαρ
1107 2765 1132 2799 C
1216 2768 1355 2813 καίπερ
1380 2779 1446 2802 om.
1473 2769 1502 2802 L
1596 2771 1635 2803 21
1664 2766 1847 2815 ἀναβεβή-

191 2834 302 2857 κασιν
319 2821 349 2855 L
442 2824 482 2855 22
508 2819 773 2867 προσαμύνειν]
800 2817 1105 2867 προσεπαμύνειν
1123 2820 1159 2854 Μ
1182 2816 1254 2857 κάν
1278 2821 1534 2868 προσαμύνειν
1550 2824 1579 2858 L
1595 2823 1788 2869 prohibere
1806 2844 1846 2849 -—-

192 2876 395 2912 incendium
419 2877 488 2911 Lat
591 2880 632 2912 24
658 2891 712 2919 τις
737 2888 805 2912 om.
832 2876 858 2909 C
963 2871 1028 2919 τὴν
1054 2875 1175 2920 ψυχὴν
1199 2873 1295 2921 ἠφίει
1320 2880 1363 2912 tr.
1392 2878 1417 2912 C
1522 2883 1563 2914 25
1588 2882 1679 2921 τοῖς]
1705 2877 1795 2916 toi-o
1820 2880 1846 2915 C

1885 866 1919 898 10

1884 1201 1919 1233 15

1881 1538 1917 1570 20

1881 1875 1918 1906 25
