1987 3246
184 184 321 218 XXXII
912 183 1102 218 Praefatio.

186 297 315 339 habes
332 298 457 349 igitur
479 296 705 337 editionem
729 295 939 347 quandam
962 296 1106 338 critico
1127 302 1334 350 apparatu
1355 298 1597 340 instructam
1621 310 1673 339 ex
1695 310 1835 339 exem-

186 362 293 416 plari
325 362 550 414 diligenter
580 361 787 404 recensito
819 362 1142 414 diligentissime
1173 365 1478 417 transcriptam.

298 429 536 470 Marcianus
558 429 697 481 igitur,
720 434 763 469 ut
784 442 911 481 supra
932 429 986 482 (p.
1004 429 1164 476 XXVI)
1185 430 1340 472 dictum
1364 436 1437 484 est,
1461 432 1707 484 plerumque
1740 443 1834 472 con-

184 496 309 538 sentit
336 509 428 537 cum
451 496 536 545 PA,
569 496 629 536 ita
650 501 800 547 tamen,
833 502 877 536 ut
907 496 1156 548 saepissime
1187 510 1281 538 cum
1302 497 1410 539 VRC
1441 499 1589 551 faciat3
1622 510 1750 551 quare
1783 511 1836 539 ex

183 564 339 605 diuersi
361 563 528 615 generis
550 563 765 604 codicibus
788 563 1044 614 compositus
1068 576 1159 605 esse
1181 564 1392 617 putandus
1414 567 1530 614 est1).
1582 570 1623 606 et
1649 565 1835 606 melioris

183 630 329 672 classis
352 630 582 682 exemplar,
605 643 687 683 quo
711 643 807 672 usus
829 634 902 682 est,
932 643 1009 672 nec
1031 630 1063 671 P
1083 631 1162 671 fuit
1183 643 1319 684 neque
1340 632 1390 684 A,
1422 631 1498 674 sed
1517 632 1625 673 alius
1648 631 1836 673 eiusdem

181 698 347 750 generis
369 697 486 738 liber.
537 697 672 738 neutri
695 699 805 738 enim
832 697 996 738 illorum
1027 710 1072 738 se
1103 697 1282 750 addixit,
1314 698 1390 740 sed
1421 699 1547 740 modo
1579 712 1671 740 cum
1702 698 1835 739 altero

182 764 308 806 modo
340 777 432 805 cum
463 765 596 805 altero
630 765 847 817 consentit,
880 764 995 805 uelut
1026 778 1064 816 p.
1089 766 1183 816 301,
1214 765 1258 805 18
1291 761 1364 812 οὓς
1396 763 1569 806 exhibet
1598 769 1710 806 recte
1742 777 1836 806 cum

181 832 231 883 A,
264 826 322 879 (ὃς
350 832 405 884 Ρ;
438 845 476 884 p.
502 833 595 883 503,
624 833 671 871 16
704 830 834 872 uerba
864 831 1072 884 quaedam
1106 831 1271 884 omittit,
1304 844 1412 884 quae
1443 832 1485 871 in
1507 832 1543 872 A
1573 831 1711 872 alieno
1742 831 1835 872 loco

183 903 349 951 extant,
391 903 436 940 ut
474 899 515 939 in
547 898 669 940 huius
700 912 866 951 quoque
903 898 1134 952 archetypo
1166 898 1322 939 omissa
1353 903 1394 940 et
1425 897 1580 939 deinde
1612 911 1693 939 non
1723 902 1836 939 recte

182 966 378 1018 suppleta
395 978 487 1007 esse
502 966 735 1007 uideantur.
771 971 814 1006 at
830 979 868 1018 p.
883 967 947 1017 27,
961 967 1012 1005 25
1031 970 1141 1007 recte
1161 979 1253 1007 cum
1266 965 1298 1005 P
1316 962 1482 1013 πόλεις,
1500 966 1537 1006 A
1555 977 1646 1006 cum
1664 964 1836 1016 reliquis

181 1031 309 1074 habet
339 1030 492 1080 πόλεις
525 1030 691 1084 ἕτεραι,
721 1047 760 1086 p.
795 1035 888 1085 408,
919 1034 940 1072 S
970 1035 1151 1087 χορηγία
1184 1037 1299 1073 extat
1331 1032 1373 1073 in
1405 1031 1503 1084 PM,
1543 1031 1664 1073 abest
1692 1031 1745 1072 ab
1779 1031 1836 1072 Α1

183 1112 275 1140 cum
306 1100 500 1152 reliquis,
533 1113 572 1153 p.
597 1101 690 1153 618,
713 1102 736 1139 7
768 1100 898 1141 uerba
930 1095 950 1154 ἡ
971 1097 1313 1154 -μητρόπολις
1343 1099 1494 1140 absunt
1524 1112 1549 1139 a
1571 1097 1660 1150 PM,
1694 1101 1838 1138 extant

181 1166 222 1206 in
252 1167 302 1207 A.
353 1171 573 1219 practerea
610 1166 895 1208 adnotandum
939 1172 1022 1218 est,
1065 1180 1158 1208 eum
1197 1167 1387 1208 codicem
1426 1178 1479 1207 ex
1510 1178 1592 1217 quo
1624 1165 1837 1207 confectus

182 1237 245 1274 est
274 1232 338 1286 M,
380 1233 505 1274 etiam
548 1233 798 1286 marginalia
837 1233 1036 1275 habuisse
1077 1234 1219 1286 qualia
1258 1238 1353 1275 sunt
1391 1233 1432 1273 iu
1464 1233 1558 1285 PA;
1601 1245 1693 1273 cum
1726 1231 1836 1272 enim

182 1313 221 1353 p.
246 1301 339 1352 399,
368 1302 414 1338 12
437 1300 491 1341 ad
514 1299 554 1340 οἱ
576 1297 836 1351 καλούμενοι
859 1298 1051 1351 σικάριοι
1082 1300 1124 1341 111
1156 1302 1198 1341 in
1230 1301 1418 1353 margine
1451 1299 1634 1341 habeant
1665 1298 1836 1352 λῃσταί,

181 1369 222 1408 111
253 1367 294 1407 M
334 1372 450 1408 extat
489 1365 530 1406 οἱ
568 1364 826 1418 καλούμενοι
868 1365 1059 1418 σικάριοι
1099 1366 1312 1421 λῃσῑαίῖ).
1363 1366 1550 1408 indidem
1588 1366 1836 1418 explicatur,

182 1433 295 1486 quod
334 1447 374 1486 p.
408 1435 502 1486 391,
532 1435 556 1473 6
599 1434 712 1475 solus
744 1435 784 1474 M
824 1434 865 1474 in
905 1439 1022 1475 textu
1062 1434 1180 1476 dedit
1216 1447 1324 1487 quae
1355 1434 1407 1474 ab
1441 1433 1633 1474 omnibus
1663 1432 1838 1484 reliquis

180 1501 332 1542 absunt
358 1506 398 1541 et
419 1501 461 1541 in
482 1501 671 1553 margine
693 1500 766 1542 PA
796 1501 1043 1553 supplentur
1065 1500 1177 1547 (uide
1199 1514 1325 1554 supra
1346 1514 1385 1554 p.
1408 1500 1582 1550 XXIII).
1631 1512 1837 1551 gramma-

180 1569 286 1610 ticus
319 1569 443 1620 enim,
477 1568 547 1620 qui
578 1572 692 1609 recte
723 1568 932 1608 intellexit
962 1581 1086 1620 quam
1119 1569 1358 1609 necessaria
1389 1572 1538 1620 essent,
1570 1567 1765 1619 suppleta
1795 1566 1837 1606 in

181 1640 343 1677 textum
379 1636 528 1677 intulit.
596 1636 678 1676 iam
709 1648 808 1676 uero
841 1648 935 1676 cum
967 1648 1017 1676 ea
1055 1648 1163 1688 quae
1194 1648 1234 1688 p.
1265 1636 1358 1688 393,
1394 1639 1408 1674 1
1453 1635 1582 1676 solius
1621 1634 1653 1674 P
1692 1645 1836 1685 margo

182 1702 366 1755 exbibet,
388 1716 440 1745 ne
462 1704 503 1743 in
525 1702 565 1743 M
589 1702 758 1754 quidem
782 1706 937 1754 extent,
970 1701 1165 1743 uidentur
1185 1703 1238 1744 ab
1265 1702 1411 1744 codice
1434 1703 1506 1743 illo
1528 1702 1698 1754 afuisse,
1731 1701 1838 1742 sicut

181 1769 308 1812 hodie
338 1770 490 1811 absunt
519 1770 573 1811 ab
604 1772 654 1811 A.

295 1836 536 1878 Deteriores
567 1850 667 1878 uero
699 1834 868 1877 codices
901 1836 958 1876 ita
988 1844 1156 1878 secutus
1189 1841 1262 1889 est,
1297 1842 1339 1878 ut
1370 1850 1452 1878 non
1484 1837 1618 1878 solum
1650 1848 1702 1877 ea
1730 1835 1836 1877 reci-

181 1909 300 1957 peret
337 1917 445 1956 quae
487 1905 620 1945 maior
658 1917 755 1956 pars
795 1902 1017 1954 exhibent,
1057 1903 1133 1944 sed
1174 1904 1342 1956 saepius
1383 1917 1434 1945 ea
1465 1915 1630 1956 quoque
1662 1902 1837 1943 haberet

179 1975 252 2012 aut
273 1971 315 2011 in
337 1975 453 2012 textu
475 1975 546 2011 aut
567 1971 609 2010 in
630 1971 830 2022 margine,
864 1983 971 2022 quae
997 1970 1151 2022 singuli
1174 1984 1330 2023 eorum,
1362 1971 1568 2023 imprimis
1591 1970 1636 2021 O,
1668 1969 1837 2010 tradunt

179 2038 363 2091 propria.
421 2038 538 2079 uelut
576 2051 616 2089 p,
651 2038 744 2089 270,
780 2040 827 2077 15
867 2036 1034 2078 addidit
1071 2037 1260 2087 Γίσχαλα
1291 2050 1384 2079 cum
1416 2037 1470 2086 03
1508 2049 1548 2089 p.
1581 2037 1674 2089 381,
1705 2038 1752 2075 21
1793 2037 1836 2076 in

179 2105 368 2157 margine
400 2102 528 2145 habet
557 2108 721 2154 θυμοῖς
751 2117 844 2145 cum
876 2104 931 2155 V;
963 2115 1003 2156 p.
1029 2105 1122 2154 391,
1148 2107 1165 2143 1
1201 2104 1243 2144 in
1275 2109 1390 2144 textu
1422 2101 1647 2156 Βαρούχοο
1678 2116 1772 2144 cum
1803 2102 1835 2144 C

183 2176 223 2212 et
245 2171 286 2212 in
318 2171 508 2223 margine
533 2173 801 2224 Βαριο-καὶου
833 2184 926 2212 cum
948 2170 1002 2222 L;
1035 2182 1074 2222 p.
1098 2172 1191 2229 409,
1219 2171 1266 2210 18
1299 2171 1340 2211 in
1372 2171 1560 2223 margine
1591 2169 1719 2211 tradit
1748 2176 1836 2210 νεῖν

182 2251 276 2279 cum
313 2237 366 2291 C,
397 2251 437 2291 p.
462 2241 555 2289 511,
589 2241 639 2278 15
675 2242 787 2279 recte
822 2238 875 2279 ab
907 2250 956 2278 eo
987 2237 1107 2278 abest
1138 2232 1212 2277 οὑν
1242 2243 1286 2278 ut
1315 2251 1340 2279 a
1376 2236 1464 2286 03).
1527 2236 1693 2279 accedit
1722 2236 1836 2290 quod

180 2305 389 2346 interdum
420 2306 488 2347 uel
519 2310 602 2346 tres
642 2303 815 2346 exhibet
852 2304 1179 2358 disci·epantias;
1225 2317 1354 2357 quare
1392 2305 1570 2347 fortasse
1599 2317 1682 2345 non
1711 2303 1835 2346 modo

180 2372 299 2425 duos,
331 2373 406 2414 sed
437 2376 520 2414 tres
551 2372 718 2414 codices
749 2371 804 2413 ad
834 2371 1123 2413 recensionem
1147 2371 1349 2413 Marciani
1382 2371 1684 2414 conficiendam
1714 2370 1833 2412 adhi-

181 2439 290 2481 bitos
323 2452 416 2481 esse
447 2439 561 2480 haud
592 2439 927 2492 improbabiliter
956 2438 1110 2491 aliquis
1142 2439 1333 2480 coniciat.

293 2507 449 2548 Verum
485 2506 782 2558 grammaticus
813 2506 1070 2548 recensionis
1101 2506 1214 2547 illius
1250 2510 1395 2548 auctor
1429 2519 1512 2548 non
1551 2505 1652 2547 satis
1687 2504 1835 2545 habuit

181 2572 335 2613 tradita
359 2574 650 2624 transcribere,
681 2573 756 2615 sed
778 2574 986 2615 interdum
1007 2573 1248 2614 coniectura
1270 2574 1495 2616 emendare
1517 2571 1686 2624 studuit,
1717 2571 1834 2613 uelut

181 2651 221 2690 p.
241 2641 326 2691 104,
349 2641 529 2682 lss'extat
546 2640 757 2694 (κατῆρεν)
776 2638 838 2688 εἷς
852 2634 1088 2691 Ἐλεοῦσαν,
1112 2641 1187 2684 sed
1205 2646 1396 2695 corrupte
1413 2641 1485 2682 PA
1503 2638 1565 2688 εἰς
1581 2637 1833 2678 Καππαδο-

296 2752 325 2789 1)
356 2754 409 2783 est
440 2750 501 2783 ubi
525 2750 711 2794 utriusque
733 2750 870 2793 generis
902 2750 1012 2785 uerba
1044 2750 1282 2793 coniunxerit,
1312 2749 1412 2784 uelut
1442 2758 1477 2791 p.
1503 2750 1579 2790 319,
1606 2750 1646 2782 15
1671 2744 1827 2783 πάντων

181 2805 259 2838 τῶν
283 2801 437 2850 πύργων
461 2805 531 2846 dat,
558 2802 713 2840 πάντων
737 2805 844 2849 PAL,
869 2809 946 2841 τῶν
970 2803 1124 2853 πύργων
1137 2806 1242 2841 VRC.
1315 2808 1346 2847 2)
1370 2804 1508 2838 aceedit
1532 2803 1625 2847 quod
1641 2814 1675 2847 p.
1695 2806 1771 2845 408,
1792 2806 1832 2838 20

180 2858 216 2893 in
241 2860 397 2902 margine
421 2858 578 2896 εὔτονον
610 2861 716 2894 habet
749 2861 840 2895 idem
872 2871 914 2895 ac
938 2862 1010 2896 PA,
1184 2864 1217 2903 3)
1250 2870 1328 2894 curn
1356 2859 1416 2893 LC
1442 2858 1618 2893 consentit
1640 2859 1678 2893 M
1702 2870 1736 2903 p.
1755 2862 1831 2902 460,

184 2918 240 2958 173
267 2918 343 2958 540,
369 2918 398 2949 1.
