2039 3282
838 199 1030 235 Praefatio.
1635 200 1769 235 LXVII

107 312 333 366 scriptores
355 311 583 354 Christiani
615 313 910 367 antiquissimi,
943 328 968 355 a
999 315 1149 366 quibus
1183 314 1387 368 Iosephus
1420 316 1605 358 maxime
1637 316 1768 359 lectus

107 384 181 422 est.
241 384 337 433 post
367 379 649 434 Porphyrium
682 381 888 424 Eusebius
919 395 1012 423 cum
1046 381 1270 435 Syneello,
1311 383 1581 437 Hegesippus
1613 383 1768 426 deinde

107 451 148 488 et
187 447 391 500 interpres
424 447 599 490 Latinus
639 454 679 490 et
716 462 821 502 quos
851 450 958 491 alios
990 450 1298 491 nominauimus
1331 451 1393 492 usi
1425 456 1520 493 sunt
1551 451 1768 494 codicibus

106 514 213 555 inter
251 527 295 556 se
327 516 428 557 satis
460 515 638 558 diuersis
670 530 806 569 neque
839 530 981 559 eorum
1014 518 1236 570 quisquam
1270 522 1353 570 est,
1395 518 1466 570 qui
1498 532 1590 560 eum
1623 520 1767 572 aliquo

106 585 338 624 ceterorum
361 584 530 625 omnino
554 585 799 626 consentiat.
846 598 896 627 ac
917 584 1026 637 libri,
1059 584 1210 636 quibus
1233 585 1295 624 usi
1319 590 1425 637 sunt,
1458 598 1586 639 saepe
1608 590 1766 629 nostro-

104 661 195 689 rum
236 650 429 692 codicum
469 651 647 693 classem
687 653 903 693 meliorem
940 652 1243 705 sequebantur,
1284 651 1358 692 sed
1391 665 1536 695 omnes
1567 654 1769 696 nonnulla

104 730 157 759 ex
196 717 475 760 deterioribus
512 718 726 760 habebant
755 719 958 761 admixta.
1010 732 1082 761 eos
1113 722 1253 760 tamen
1286 719 1355 771 qui
1388 733 1497 761 nunc
1528 726 1622 762 sunt
1652 721 1766 763 dete-

103 786 234 828 riores
260 786 389 827 libros
411 787 535 840 longe
566 787 794 839 anteibant,
827 799 904 828 nec
935 791 1033 828 tunc
1063 786 1192 828 fuisse
1223 786 1390 827 uidetur
1421 791 1536 829 tanta
1566 802 1766 841 generum

103 853 389 907 discrepantia
411 859 567 907 quanta
587 867 696 896 nunc
718 859 792 906 est,
826 868 949 908 quam
974 854 1144 907 quidem
1174 857 1323 906 postea
1353 855 1569 908 utriusque
1600 857 1766 909 generis

103 920 321 963 codicibus
351 923 486 974 magis
519 923 723 976 corruptis
754 926 826 964 aut
856 922 1085 963 immutatis
1116 925 1282 963 auctam
1316 933 1407 963 esse
1440 927 1765 965 consentaneum

105 994 179 1030 est.
231 1002 281 1031 ac
312 990 494 1031 uarietas
526 990 719 1031 codicum
751 1002 800 1031 eo
832 989 1015 1031 creuisse
1048 988 1233 1041 uidetur,
1275 988 1389 1041 quod
1420 989 1504 1030 iam
1535 991 1766 1043 antiquitus

104 1057 261 1099 diuersi
294 1057 461 1110 generis
492 1057 588 1098 libri
621 1058 727 1099 inter
757 1070 803 1099 se
834 1060 1198 1110 compararentur,
1242 1069 1323 1109 quo
1355 1057 1512 1098 factum
1545 1063 1619 1110 est,
1654 1063 1697 1099 ut
1727 1063 1768 1100 et

104 1124 238 1178 proba
260 1129 300 1166 et
320 1125 474 1166 uitiosa
496 1137 588 1166 cum
615 1125 712 1167 aliis
743 1124 1151 1166 communicarentur
1172 1126 1208 1170 ¹).
1260 1137 1389 1177 quare
1421 1125 1548 1165 etiam
1580 1126 1767 1167 melioris

104 1193 360 1234 recensionis
406 1193 501 1234 libri
547 1193 717 1234 minime
762 1196 858 1234 sunt
903 1192 1153 1245 incorrupti,
1201 1192 1272 1245 qui
1312 1205 1395 1233 non
1436 1191 1533 1234 ideo
1571 1193 1767 1234 meliores

103 1261 383 1314 appellantur,
407 1260 519 1314 quod
542 1260 683 1302 omnia
704 1260 815 1302 bona
837 1258 1052 1312 exhibent,
1076 1259 1151 1302 sed
1173 1259 1286 1312 quod
1308 1260 1432 1312 plura
1453 1272 1580 1313 quam
1602 1260 1766 1312 reliqui.

216 1327 278 1369 Ea
309 1341 408 1370 uero
439 1341 638 1381 generum
673 1328 929 1379 commixtio,
962 1340 1087 1380 quam
1116 1328 1273 1369 factam
1304 1340 1396 1369 esse
1427 1326 1621 1369 uidemus
1653 1328 1696 1368 in
1726 1328 1769 1369 M

103 1399 145 1436 et
167 1395 201 1436 L
233 1400 273 1437 et
295 1395 326 1437 C
360 1396 553 1449 aliisque,
586 1396 657 1449 qui
687 1395 858 1449 quidem
890 1400 1057 1437 nostrae
1089 1395 1241 1436 aetatis
1273 1393 1530 1436 editionibus
1563 1394 1765 1448 quodam-

102 1462 227 1505 modo
253 1463 412 1505 similes
434 1467 542 1516 sunt,
573 1476 683 1505 nono
704 1463 793 1505 fere
815 1464 985 1506 saeculo
1013 1476 1095 1504 non
1127 1462 1295 1504 uidetur
1325 1463 1549 1516 antiquior,
1583 1475 1632 1505 eo
1665 1467 1767 1504 tem-

103 1543 205 1584 pore
228 1544 309 1584 quo
336 1530 451 1584 apud
471 1530 657 1573 Graecos
689 1531 922 1574 litterarum
954 1530 1094 1573 studia
1126 1530 1198 1572 diu
1228 1530 1424 1583 neglecta
1454 1530 1584 1572 recoli
1617 1535 1769 1583 coepta

103 1602 209 1640 sunt.
260 1603 385 1652 atque
416 1611 558 1641 eorum
589 1599 623 1640 L
655 1603 768 1641 ortus
806 1603 869 1641 est
899 1612 953 1641 ex
984 1598 1132 1641 codice
1165 1599 1293 1641 simili
1324 1599 1429 1651 eius,
1462 1611 1544 1651 quo
1577 1599 1641 1639 usi
1673 1603 1769 1640 sunt

102 1666 371 1721 Hegesippus
402 1671 444 1708 et
474 1667 648 1709 Latinus
689 1672 730 1708 et
769 1671 919 1720 postea
957 1667 1129 1709 saeculo
1161 1666 1325 1709 decimo
1359 1670 1628 1719 excerptores
1661 1664 1765 1706 Con-

102 1735 273 1776 stantini
294 1733 710 1788 Porphy1·ogeniti‘-').
762 1735 851 1776 eius
873 1739 1014 1776 autem
1045 1735 1316 1786 recensionis,
1351 1734 1468 1775 cuius
1501 1738 1564 1775 est
1595 1733 1639 1785 O,
1674 1746 1767 1774 cum

102 1806 246 1843 extent
277 1802 540 1855 exemplaria
569 1802 738 1844 saeculo
769 1802 832 1843 XI
864 1806 1056 1856 exarata,
1088 1800 1366 1855 archetypum
1400 1800 1570 1843 saeculo
1602 1800 1767 1842 decimo

101 1873 174 1911 aut
194 1882 304 1911 nono
330 1871 548 1923 assignare
579 1870 690 1912 licet.
741 1871 885 1923 paullo
917 1873 1012 1924 post
1041 1870 1175 1911 factus
1208 1873 1271 1911 est
1291 1868 1333 1909 M
1364 1868 1534 1910 saeculo
1566 1867 1652 1909 fere
1684 1867 1769 1909 XII

102 1941 312 1991 exaratus,
344 1938 398 1979 ad
422 1950 545 1991 quem
568 1937 874 1980 conficiendum
896 1936 1091 1979 adhibita
1113 1941 1177 1979 est
1199 1942 1239 1979 et
1260 1936 1450 1978 recensio
1473 1935 1504 1977 C
1528 1940 1569 1976 et
1590 1935 1768 1977 fortasse

100 2005 146 2046 L.
199 2005 360 2048 eisdem
401 2006 661 2058 temporibus
700 2006 871 2048 saeculo
912 2004 1077 2047 decimo
1118 2010 1189 2046 aut
1226 2003 1449 2045 undecimo
1482 2003 1635 2055 reliqui
1667 2016 1768 2055 quo-

102 2085 184 2126 que
214 2072 385 2126 Iosephi
425 2074 594 2115 codices
631 2073 768 2115 denuo
800 2073 1041 2125 transcripti
1072 2077 1113 2113 et
1143 2072 1348 2124 recogniti
1378 2075 1474 2112 sunt
1504 2071 1557 2112 ab
1591 2070 1767 2111 homini-

102 2140 180 2183 bus
203 2141 475 2194 doctioribus,
508 2146 552 2182 ut
573 2145 777 2183 testantur
799 2141 968 2183 codices
991 2141 1249 2193 superstites.
1301 2138 1456 2180 abinde
1478 2140 1577 2179 noui
1599 2137 1767 2180 codices

102 2208 229 2250 scribi
268 2222 351 2250 non
391 2209 627 2262 desierunt,
667 2221 760 2250 cum
797 2212 870 2250 aut
908 2207 1167 2260 antiquiores
1206 2206 1582 2248 transcriberentur
1611 2209 1683 2246 aut
1714 2217 1768 2246 ex

103 2274 282 2317 diuersis
328 2277 554 2330 generibus
599 2290 624 2317 a
668 2275 955 2328 grammaticis
1000 2288 1111 2317 noua
1151 2273 1454 2317 conficerentur
1493 2271 1766 2325 exemplaria,

103 2355 278 2395 quorum
319 2342 531 2397 hodieque
570 2357 653 2386 non
691 2356 829 2398 pauca
868 2347 1032 2395 extant,
1074 2355 1182 2396 quae
1220 2341 1361 2383 omnia
1391 2353 1473 2382 non
1503 2338 1645 2391 magni
1676 2350 1767 2381 esse

101 2409 299 2452 facienda
343 2411 403 2453 eis
450 2424 559 2464 quae
605 2425 732 2465 supra
769 2411 1057 2453 demonstrata
1094 2414 1189 2452 sunt
1228 2408 1418 2451 efficitur.
1477 2407 1766 2448 recensionem

102 2476 229 2529 igitur
268 2482 309 2519 et
347 2479 686 2521 emendationem
725 2480 827 2521 belli
857 2478 1019 2520 Iudaici
1058 2476 1347 2531 reponendam
1387 2487 1478 2517 esse
1517 2477 1695 2527 apparet
1724 2474 1767 2513 in

103 2545 279 2587 testibus
301 2546 623 2599 antiquioribus,
654 2548 762 2588 inter
788 2559 892 2600 quos
923 2545 1135 2586 maximae
1167 2548 1262 2586 sunt
1292 2542 1554 2586 auctoritatis
1584 2541 1767 2594 primum

220 2680 249 2720 1)
273 2678 356 2712 inde
379 2681 458 2713 orta
483 2689 562 2713 esse
585 2679 753 2714 uidentur
777 2678 874 2712 uitia>
890 2677 1052 2713 codicum
1070 2676 1202 2711 PAVR
1227 2675 1439 2716 communia,
1464 2674 1507 2708 de
1531 2673 1660 2718 quibus
1684 2672 1768 2706 uide

106 2743 140 2776 p.
159 2732 306 2769 XXXV.
352 2734 474 2768 eodem
498 2734 603 2769 modo
627 2734 704 2769 fieri
727 2735 856 2779 potuit,
883 2738 922 2769 ut
946 2733 1076 2777 singuli
1100 2742 1144 2767 ex
1168 2731 1403 2767 deterioribus
1429 2730 1543 2774 proba
1568 2730 1766 2770 seruarent,

105 2789 205 2822 uelut
230 2789 323 2831 quod
346 2799 380 2832 p.
401 2792 477 2833 387,
502 2793 543 2824 24
568 2791 606 2825 in
631 2791 663 2826 V
686 2790 840 2825 traditur
864 2794 1011 2834 θυμοῖς,
1038 2789 1132 2832 quod
1156 2790 1341 2832 praeterea
1365 2787 1402 2820 in
1426 2786 1585 2829 margine
1611 2795 1766 2829 quorun-

106 2844 187 2878 dam
210 2844 364 2879 familiae
381 2845 407 2879 C
432 2846 592 2880 codicum
618 2846 745 2887 fertur,
770 2857 813 2881 ex
829 2846 969 2890 generis
994 2845 1149 2880 melioris
1177 2844 1299 2879 codice
1325 2848 1504 2888 sumptum
1530 2852 1608 2876 esse
1631 2844 1766 2885 potest3

106 2904 223 2942 potest
255 2901 359 2935 etiam
388 2911 432 2936 ex
463 2901 598 2936 familia
627 2903 653 2937 C
676 2903 712 2937 in
738 2902 768 2937 V
801 2903 956 2937 delatum
991 2912 1079 2936 esse.
1290 2903 1321 2942 2)
1356 2900 1415 2943 qui
1447 2897 1636 2943 imperauit
1666 2896 1767 2930 annis

102 2964 136 2998 p.
165 2954 246 2989 Chr.
272 2958 336 2990 912
347 2959 462 2991 -959,

1447 3012 1493 3044 e*
