2018 3236
279 146 359 183 208
683 145 751 178 DE
775 144 934 178 BELLO
960 144 1056 179 IUD.
1080 144 1117 178 11
1141 147 1318 179 τεο-285
1345 148 1417 187 (x1v
1443 151 1473 178 3.
1500 149 1530 186 ι)

276 258 514 313 ἐνεστώσης
559 255 772 309 περιστὰς
810 253 832 297 ὁ
876 255 1010 310 δῆμος
1049 251 1124 298 οὖκ
1162 254 1367 306 ἐλάττους
1406 262 1668 310 τριακοσίων
1705 258 1931 313 μυριάδων

275 330 462 369 ἱκέτευον
502 322 677 378 ἐλεῆσαι
717 321 797 371 τας
835 325 911 364 τοῦ
951 322 1110 373 ἔθνους
1149 322 1381 380 συμφορὰς
1418 327 1491 368 καὶ
1521 324 1597 368 τόν
1629 326 1826 379 λυμεῶνα
1855 328 1931 383 τῆς

165 395 240 435 281
274 392 416 445 χώρας
441 390 624 443 Φλῶρον
656 389 956 444 ἐκεκράγεσαν·
989 387 1010 432 ὁ
1044 390 1090 432 δὲ
1122 388 1278 445 παρών
1307 392 1380 433 καὶ
1409 394 1471 446 τῷ
1496 395 1669 447 Κεστίῳ
1700 391 1930 446 παρεστώς

272 456 536 511 διεχλεύαζεν
566 456 645 506 τὰς
676 456 840 512 φωνάς.
891 452 915 499 ὅ
944 473 992 512 γε
1020 457 1105 513 μὴν
1127 457 1312 507 Κέστιος
1343 457 1418 513 τὴν
1450 455 1590 514 ὁρμὴν
1620 461 1697 501 τοῦ
1727 458 1932 515 πλήθους

270 525 557 572 καταστείλας
601 525 674 565 καὶ
720 523 822 573 δοὺς
868 524 1060 580 ἔμφασιν
1107 522 1164 575 ὡς
1208 524 1324 580 πρὸς
1368 524 1416 567 τὸ
1464 527 1622 579 μέλλον
1669 525 1817 574 αὐτοῖς
1853 524 1929 567 τὸν
1959 541 1977 571 5

273 595 456 646 Φλῶρον
495 590 858 633 κατασκευάσειεν
895 592 1204 647 μετριωτερον,
1242 590 1517 648 ὑπέστρεφεν
1559 593 1622 644 εἷς
1646 589 1929 646 Ἀντιόχειαν.

160 661 238 701 282
272 663 536 714 προέπεμπε
586 658 632 700 δὲ
687 654 817 701 αὐτὸν
868 661 993 714 μέχρι
1037 663 1307 714 Καισαρείας
1354 661 1539 713 Φλῶρος
1584 660 1814 711 ἐξαπατῶν
1858 660 1930 701 καὶ

271 728 466 781 πόλεμον
487 724 567 783 ἤδη
589 728 652 781 τῷ
674 726 796 768 ἔθνει
822 725 1132 780 σκοπούμενος,
1165 723 1199 782 ᾧ
1230 727 1351 783 μόνῳ
1374 728 1635 783 συγκρύψειν
1666 727 1745 777 τὰς
1775 726 1928 768 ἑαυτοῦ

159 797 239 837 283
272 797 554 849 παρανομίας
583 791 907 847 ὑπελάμβανεν·
948 793 1118 851 εἰρήνης
1148 795 1225 847 μὲν
1255 794 1335 849 γὰρ
1368 792 1499 851 οὔσης
1528 794 1788 853 κατηγόρους
1820 792 1929 843 ἕξειν

270 861 347 903 ἐπὶ
368 865 597 916 Καίσαρος
613 857 848 910 Ἰουδαίοις
878 861 1140 915 προσεδόκα,
1173 862 1619 916 πραγματευσάμενος
1651 862 1697 904 δὲ
1727 857 1929 903 άπόστα-
1959 873 1997 906 10

270 944 339 971 σιν
387 924 529 971 αὐτῶν
574 930 638 983 τῷ
682 928 849 982 μείζονι
893 930 1009 983 κακῷ
1053 928 1350 982 περισπάσειν
1390 928 1466 971 τὸν
1505 930 1675 985 ἔλεγχον
1715 924 1804 970 άπὸ
1842 929 1928 969 τῶν

268 999 586 1052 μετριωτέρων.
637 992 760 1049 ὃμὲν
782 987 868 1047 οὖν,
902 992 959 1045 ῶς
981 989 1034 1038 δν
1061 992 1331 1052 ἀπορραγείη
1363 995 1411 1037 τὸ
1446 996 1589 1049 ἔθνος,
1621 992 1729 1038 καθ’
1764 992 1928 1051 ἡμέραν

270 1063 489 1106 ἐπέτεινεν
523 1058 672 1113 αὐτοῖς
700 1062 780 1112 τὰς
811 1063 1053 1120 συμφοράς.

157 1134 237 1174 284
380 1135 418 1172 4.
454 1126 519 1173 Ἐν
559 1130 606 1172 δὲ
644 1130 784 1186 τούτῳ
822 1132 892 1173 καὶ
933 1131 974 1172 οἱ
1005 1132 1266 1184 Καισαρέων
1285 1124 1486 1188 (Έλληνες
1521 1131 1772 1187 νικήσαντες
1804 1126 1925 1181 παρὰ

268 1201 443 1252 Νέρωνι
463 1200 540 1253 τῆς
561 1196 734 1246 πόλεως
756 1194 901 1251 ἄρχειν
931 1196 985 1238 τὰ
1016 1200 1092 1252 της
1122 1201 1304 1251 κρίσεως
1336 1196 1543 1251 ἐκόμισαν
1574 1199 1820 1253 γράμματα,
1852 1196 1925 1236 καὶ
1958 1208 1993 1240 15

268 1264 630 1319 προσελάμβανεν
682 1263 759 1321 τὴν
813 1261 945 1321 ἀρχὴν
997 1263 1018 1307 ὁ
1072 1266 1267 1318 πόλεμος
1321 1265 1551 1321 δωδεκάτῳ
1598 1265 1675 1319 μὲν
1719 1263 1807 1305 ἔτει
1849 1263 1926 1316 τῆς

268 1335 473 1387 Νέρωνος
516 1329 768 1387 ἡγεμονίας,
816 1331 1170 1387 ἑπτακαιδεκάτῳ
1217 1332 1263 1373 δὲ·
1307 1333 1382 1389 τῆς
1416 1328 1646 1388 Ἀγρίππα
1683 1329 1923 1386 βασιλείας,

157 1403 238 1444 285
265 1395 543 1453 Ἀρτεμισίου
583 1398 728 1455 μηνός.
788 1397 902 1453 πρὸς
941 1398 987 1440 δὲ
1024 1398 1071 1440 τὸ
1113 1400 1300 1454 μέγεθος
1331 1402 1417 1441 τῶν
1448 1399 1494 1448 ἐξ
1523 1395 1656 1442 αὐτοῦ
1687 1397 1924 1453 συμφορῶν

268 1462 343 1508 οὗκ
383 1462 509 1515 ἀξίαν
549 1465 668 1518 ἔσχεν
703 1465 954 1522 πρόφασιν’
995 1466 1036 1507 οἱ
1066 1464 1147 1520 γαρ
1180 1465 1224 1507 ἐν
1254 1470 1504 1522 Καισαρείᾳ
1527 1462 1753 1516 Ἰουδαῖοι,
1793 1479 1924 1505 συνα-

264 1532 406 1588 γωγὴν
437 1533 605 1585 ἔχοντες
637 1532 759 1587 παρὰ
788 1536 960 1587 χωρίον,
993 1528 1041 1574 οὗ
1073 1532 1291 1587 δεσπότης
1320 1524 1371 1588 ἦν
1401 1528 1631 1589 τιςἝλλην
1663 1531 1922 1588 Καισαρεύς,
1955 1546 1991 1578 20

267 1600 479 1649 πολλάκις
518 1600 596 1653 μὲν
633 1599 885 1655 κτήσασθαι
917 1598 991 1641 τὸν
1017 1599 1156 1641 τόπον
1187 1599 1469 1641 ἐσπούδασαν
1499 1600 1627 1657 τιμὴν
1658 1600 1922 1641 πολλαπλα-

383 1770 402 1809 g
427 1769 492 1802 284
508 1785 552 1797 =
568 1768 653 1802 Ant.
678 1767 755 1802 lud.
780 1767 848 1801 XX
873 1770 948 1802 257.

380 1935 689 1970 PAMLVRCLat
700 1935 937 1970 ExcPeirese.

377 1996 389 2025 1
427 1989 614 2036 ἐνστάσησ
639 1992 733 2026 VRC
846 1987 1048 2037 παραστὰσ
1073 1990 1111 2024 Μ
1136 2000 1329 2024 accurrens
1352 1989 1422 2024 Lat
1536 1993 1555 2024 2
1580 1987 1659 2033 τὰς]
1685 1987 1730 2027 τὰ
1756 1992 1804 2026 R¹

262 2044 464 2094 συμφορὰσ
498 2050 566 2083 τοῦ
590 2044 728 2083 ἔθνουσ
753 2051 797 2081 tr.
824 2047 850 2080 C
985 2048 1048 2082 καὶ
1072 2041 1142 2081 τὸν
1158 2065 1192 2069 -—
1211 2047 1232 2078 4
1257 2042 1386 2090 φωνάς
1410 2057 1478 2081 om.
1504 2046 1531 2080 P
1668 2050 1859 2091 λυμαιῶνα
1884 2049 1917 2081 Α

261 2101 444 2147 λυμαιόνα
470 2103 519 2138 V¹
623 2106 642 2137 3
667 2100 915 2149 ἐκεκράγεσεν
939 2102 971 2136 V
995 2107 1035 2137 ut
1057 2102 1184 2136 eiceret
1209 2101 1416 2136 clmm‘tabat
1439 2102 1509 2136 Lat
1613 2099 1633 2138 ὃ
1652 2124 1687 2127 —
1705 2100 1915 2150 παρεστὼς]

261 2160 324 2204 qui
343 2164 460 2194 tamen
477 2170 555 2193 cum
572 2158 635 2193 sub
648 2159 781 2204 populi
796 2169 859 2193 ore
875 2163 964 2193 esset
981 2162 1014 2192 et
1030 2157 1128 2204 yallo
1147 2157 1340 2199 assisteret,
1366 2169 1438 2191 non
1456 2158 1559 2193 molo
1577 2159 1667 2193 m'lzil
1690 2161 1917 2202 mouebatur,

260 2215 323 2249 scd
345 2215 436 2259 Lat3
466 2219 548 2259 post
577 2213 777 2259 παρεστώς
806 2214 939 2258 aliquid
970 2214 1092 2248 deesse
1116 2212 1318 2257 suspicatur
1341 2213 1490 2248 Hudson
1629 2219 1648 2249 5
1673 2219 1756 2250 ante
1778 2216 1916 2260 μέλλον

262 2272 413 2306 deletum
439 2274 555 2307 πλεον
579 2271 606 2305 C
722 2273 741 2304 6
765 2267 1036 2306 κατάσκευάσει
1062 2270 1139 2303 Exe
1252 2265 1488 2316 ὑπέστρεψεν
1511 2269 1645 2304 MVRC
1761 2274 1778 2304 7
1805 2272 1916 2318 προέ-

259 2339 387 2373 πεμψε
412 2327 439 2361 P
566 2326 601 2362 δ’
625 2327 702 2360 Exc
827 2325 950 2363 αὐτῶν
975 2326 1000 2360 C
1128 2329 1145 2360 S
1172 2324 1443 2368 σκοπούμενος]
1468 2326 1753 2361 PAMLLatExc
1777 2324 1917 2371 θυμού-

258 2396 377 2427 μενοσ
408 2383 609 2429 ἐπορίζετο
634 2382 728 2417 VRC
808 2376 837 2430 ᾧ
867 2383 986 2430 μόνῳ]
1012 2377 1117 2426 αἶμὸν
1142 2375 1171 2417 ὦ
1196 2382 1244 2416 V²
1269 2387 1303 2416 et
1335 2393 1378 2415 m.
1408 2385 1421 2416 1
1449 2381 1537 2425 Lips
1563 2377 1671 2426 ω’μὸν
1695 2376 1725 2418 ὦ
1751 2376 1780 2418 ὦ
1805 2380 1914 2427 μόνω

258 2439 292 2473 R
323 2437 377 2475 ὥσ
406 2437 514 2484 μόνω
540 2439 566 2473 C
706 2433 975 2484 συγκαλόψειν,
1006 2438 1030 2472 i.
1062 2448 1171 2482 marg,
1205 2449 1249 2472 m.
1277 2442 1295 2472 2
1321 2432 1548 2484 συγκρύψειν
1572 2438 1604 2473 V
1627 2440 1847 2486 συγκρίψειν
1872 2440 1916 2474 C¹

260 2493 465 2541 συγκάψειν
491 2495 569 2529 Exc
685 2490 800 2530 αὐτοῦ
823 2494 918 2528 VRC
1032 2496 1051 2527 9
1083 2490 1191 2536 ἔξειν,
1222 2507 1242 2529 ν
1271 2494 1293 2528 i.
1325 2504 1392 2528 ras.
1419 2505 1462 2528 m.
1491 2496 1509 2527 2
1534 2494 1567 2529 V
1684 2498 1718 2528 11
1749 2491 1913 2541 ἔλεγχον]

260 2547 415 2597 ἔλεγχον
445 2546 571 2586 αι’-τῶν
594 2550 688 2585 VRC
803 2546 958 2595 ἔλεγχον
982 2545 1058 2585 άπὸ
1084 2552 1161 2584 τῶν
1183 2550 1458 2596 μετριωτέρων]
1484 2549 1657 2584 inuidiam
1680 2556 1911 2596 peccatorum

259 2607 434 2641 minorum
452 2607 521 2640 Lat
625 2610 665 2640 12
691 2603 738 2642 ὁίν
762 2616 829 2640 0111.
848 2605 958 2640 LExc
1060 2601 1272 2652 οἷποραγειή
1294 2606 1327 2639 Α
1434 2608 1474 2639 14
1497 2606 1519 2639 i.
1544 2615 1654 2649 marg.
1678 2609 1724 2642 Ξέ
1745 2606 1806 2641 VC

263 2666 303 2697 15
328 2666 392 2708 τῆς
415 2664 589 2709 κρίσεως]
614 2664 681 2698 τοῦ
704 2662 905 2708 βασιλέωσ,
929 2661 949 2695 i.
975 2671 1083 2704 marg.
1108 2675 1155 2707 γρ
1180 2658 1225 2697 τὰ
1251 2664 1319 2707 τῆσ
1342 2663 1508 2705 κρίσεωσ
1532 2661 1564 2696 V
1677 2664 1741 2706 τῆς
1765 2659 1913 2704 πόλεως

260 2716 390 2764 ἄρχειν
407 2729 473 2752 om.
492 2718 561 2752 Lat
673 2716 902 2762 ἐκομίσαντο
920 2716 950 2750 L
975 2714 1166 2762 ἕκόμησαν
1182 2717 1260 2751 Exc
1376 2719 1415 2751 16
1440 2714 1636 2765 δωδεκάτῳ
1659 2720 1741 2758 etc]
1766 2717 1833 2752 hoc
1859 2720 1912 2752 est

260 2783 379 2808 mense
403 2774 498 2807 Maio
522 2776 585 2807 aut
609 2773 708 2808 Iunio
732 2783 826 2807 anno
851 2784 886 2817 p.
913 2773 993 2808 Chr.
1021 2775 1063 2807 66
1168 2773 1237 2817 μὲν
1261 2784 1328 2808 om.
1354 2773 1431 2808 Exc
1540 2777 1577 2808 17
1604 2769 1821 2819 ἡγεμονίασ,
1843 2773 1910 2808 litt.

259 2825 410 2875 ἧγεμονι
434 2830 456 2862 i.
480 2838 551 2863 ras.
575 2829 609 2862 A
722 2824 913 2875 α’γρίππα-
931 2829 963 2862 V
1080 2831 1118 2863 18
1144 2825 1372 2875 ἅρτεμησίου
1395 2829 1572 2864 PALV'R
1684 2824 1912 2874 Ἀρτεμισίου

257 2882 374 2930 μηνὸς
397 2895 464 2919 om.
492 2885 569 2918 Exc
684 2887 723 2919 21
750 2879 909 2921 πολλάκι
933 2886 979 2919 V¹
