2039 3282
887 175 1078 210 Praefatio.
1639 176 1810 210 XXXVII

147 301 246 329 nam
279 287 383 330 illud
417 283 586 342 ἀνδρῶν
618 301 690 331 5011
724 291 859 332 mauis
892 284 1060 343 ἀνδρῶν
1091 290 1218 332 1131ᾱο
1248 295 1486 344 suspectum
1521 296 1604 346 est,
1636 294 1677 332 et
1709 304 1809 344 quo-

147 356 261 397 niam
300 357 373 399 uix
412 357 616 411 explicari
658 360 814 410 potest,
860 364 901 400 ct
941 359 1039 411 quia
1080 357 1240 399 hiatum
1280 358 1401 411 facit,
1442 372 1566 412 quem
1602 358 1808 412 Iosephus

146 423 280 465 uitare
317 424 437 466 solet.
512 428 552 466 01
591 437 684 466 cum
723 438 823 466 mox
864 425 1095 467 habeamus
1136 426 1266 467 uerba
1307 423 1465 480 ἔρημον
1504 426 1582 478 μὲν
1624 421 1807 479 ἀνδρῶν,

147 489 245 532 hinc
275 489 453 534 fortasse
485 505 625 534 errore
657 491 922 534 librariorum
954 506 1039 535 uox
1068 487 1237 546 ἀνδρῶν
1258 493 1299 534 in
1323 494 1459 535 locum
1480 498 1667 537 nostrum
1690 494 1809 535 illata

147 561 221 599 est.
283 557 363 600 hoc
399 559 526 613 igitur
557 560 693 601 eiecto
725 563 766 600 et
797 560 951 602 omisso
982 558 1028 615 ἢ,
1071 560 1184 613 quod
1215 560 1336 602 abest
1365 561 1418 602 ab
1450 562 1506 614 R,
1545 562 1606 604 sic
1637 561 1809 615 Iosephi

147 637 294 667 manus
340 627 601 668 restituenda
646 626 832 668 uidetur:
879 624 954 667 ἐπὶ
1000 625 1133 667 πόλιν
1178 625 1390 681 καρτερὰν
1436 629 1512 682 τῆς
1556 629 1808 678 Γαλιλαίας,

146 690 394 744 Χαβουλών
424 693 635 743 καλεῖται,
671 692 853 747 διορίζει
885 692 931 735 δὲ
963 698 1039 736 010.

259 760 412 803 Variae
452 762 656 804 lectiones
698 765 843 802 extant
882 762 923 802 in
963 761 998 802 V
1038 774 1120 803 non
1160 774 1344 815 paucae,
1391 775 1567 815 quarum
1611 776 1709 817 pars
1755 776 1808 804 ex

145 840 300 880 genere
340 828 514 870 meliore
555 833 722 883 sumpta
761 832 843 882 est,
884 828 1089 882 plurimae
1129 841 1230 870 uero
1272 829 1481 871 eiusmodi
1513 834 1630 884 sunt,
1671 834 1716 871 ut
1754 843 1807 871 ex

146 895 336 937 eiusdem
378 894 524 938 classis
565 896 800 949 exemplari
840 895 1120 949 depromptae
1159 895 1382 937 uideantur
1413 897 1487 938 tali
1519 898 1627 951 fere,
1669 898 1806 951 qualis

146 967 209 1004 est
230 963 277 1016 R,
310 964 492 1005 maxime
525 976 601 1005 eae
632 976 736 1016 quas
767 961 933 1004 addidit
963 975 1111 1004 manus
1142 963 1329 1005 secunda
1348 964 1387 1013 ¹).
1439 964 1476 1005 R
1507 963 1636 1006 habet
1666 965 1806 1006 uarias

146 1030 350 1072 lectiones
382 1044 463 1072 non
494 1031 646 1072 multas
662 1032 705 1079 ⁴2).

759 1188 781 1235 ξ
814 1186 837 1226 8
878 1185 932 1228 de
964 1185 1111 1229 codice
1142 1186 1186 1229 C.

256 1299 378 1342 Nunc
399 1299 452 1342 de
473 1298 619 1341 codice
636 1297 668 1340 C
686 1311 824 1351 pauca
840 1297 971 1340 uerba
986 1298 1184 1341 facienda
1200 1304 1308 1354 sunt,
1331 1313 1456 1354 quem
1477 1314 1605 1355 supra
1622 1300 1807 1343 diximus

144 1367 334 1410 eiusdem
355 1367 522 1421 generis
544 1379 637 1409 esse
658 1379 708 1408 ac
729 1366 826 1419 VR3
856 1379 954 1407 nam
977 1379 1070 1408 cum
1094 1365 1242 1409 horum
1264 1371 1336 1409 aut
1363 1372 1541 1422 utroque
1572 1373 1644 1411 aut
1674 1369 1807 1410 altero

143 1439 235 1476 utro
251 1435 280 1483 3)
304 1435 554 1488 plerumque
577 1434 795 1477 consentit.
847 1437 1033 1476 attamen
1054 1447 1138 1476 non
1162 1439 1273 1477 totus
1306 1435 1395 1477 eius
1426 1437 1593 1489 generis
1625 1440 1700 1489 est,
1733 1435 1809 1478 sed

142 1515 225 1544 non
246 1515 383 1556 pauca
412 1502 585 1545 aliunde
616 1501 788 1556 recepit.
839 1500 1022 1554 primum
1054 1502 1167 1543 enim
1197 1502 1459 1557 melioribus,
1492 1504 1699 1558 imprimis
1720 1503 1808 1557 PA,

141 1569 311 1622 saepius
341 1571 587 1624 assentitur,
624 1570 769 1623 ueluti,
802 1573 847 1611 ut
878 1581 931 1610 ex
962 1568 1105 1611 multis
1136 1582 1274 1623 pauca
1303 1576 1597 1626 memorentur,
1629 1585 1669 1626 p.
1694 1572 1760 1625 26,
1788 1574 1804 1610 1

142 1630 443 1693 ἀνθισταμένη
491 1637 666 1681 exhibet
711 1649 803 1679 eum
844 1635 983 1689 PAM,
1029 1649 1111 1678 non
1157 1634 1415 1694 ἐνισταμένη
1462 1653 1555 1682 cum
1594 1639 1727 1692 LVR,
1768 1642 1809 1680 et

140 1718 180 1758 p.
212 1706 277 1758 26,
311 1707 334 1746 6
373 1699 687 1747 ἀποδείκνυσιν
719 1718 813 1746 cum
845 1704 984 1753 PAM,
1027 1717 1109 1746 non
1143 1699 1277 1746 αἰτοῦ
1309 1704 1525 1748 δείκνυσιν
1557 1720 1650 1749 cum
1682 1706 1808 1758 LVR,

140 1772 419 1827 similiterque
441 1787 480 1827 p.
500 1775 567 1826 26,
588 1776 638 1813 14
663 1771 837 1824 δεσμεῖν
858 1785 941 1813 non
965 1769 1068 1813 δεῖν.
1119 1771 1188 1814 hic
1209 1774 1433 1815 memorari
1455 1778 1595 1828 potest
1617 1774 1652 1816 is
1676 1774 1808 1826 locus,

140 1838 193 1881 de
225 1853 307 1893 quo
339 1853 467 1894 supra
498 1841 655 1883 dictum
689 1844 764 1893 est,
796 1852 835 1893 p.
868 1842 934 1892 35,
969 1841 1032 1892 16,
1065 1841 1136 1882 ubi
1166 1846 1263 1894 post
1294 1843 1656 1896 κατατεταγμένῳ
1687 1840 1808 1883 addi-

139 1910 227 1948 tum
269 1911 333 1949 est
370 1908 412 1949 in
444 1908 562 1949 PAM
602 1905 688 1948 εἷσὶ
730 1906 775 1947 δὲ
812 1907 884 1947 νῦν
912 1906 1259 1962 χρηματίζουσαι
1290 1907 1525 1961 λαμπρῶς,
1567 1910 1610 1950 in
1642 1907 1674 1950 C
1706 1920 1807 1950 uero

141 1974 187 2014 αἳ
217 1975 291 2015 νῦν
324 1972 409 2015 εἰσι
436 1973 784 2030 χρηματίζουσαι
813 1975 899 2015 τῶν
929 1971 1040 2015 κατὰ
1071 1972 1149 2030 τὴν
1178 1975 1329 2030 κοίλην
1359 1978 1524 2028 Συρίαν
1550 1971 1808 2031 Ἑλληνίδων

139 2039 336 2091 πόλεων,
378 2043 519 2096 priore
558 2044 913 2097 interpolamento
951 2042 1097 2096 paullo
1128 2044 1264 2096 magis
1296 2048 1511 2086 exornato.
1563 2043 1649 2085 alia
1679 2042 1809 2085 habet

140 2122 249 2163 quae
277 2114 502 2164 praeterea
532 2111 647 2153 solus
679 2110 808 2152 tradit
829 2110 876 2163 L,
907 2110 1093 2152 maxime
1125 2111 1168 2152 in
1200 2111 1302 2153 belli
1322 2111 1486 2154 Iudaici
1516 2115 1636 2165 parte
1668 2114 1807 2164 poste-

139 2177 263 2232 riore,
295 2178 338 2219 in
361 2191 443 2231 qua
465 2178 499 2220 L
522 2182 583 2220 tot
613 2177 742 2220 habet
770 2178 956 2232 propria.
1006 2178 1137 2220 ueluti
1168 2191 1209 2232 p.
1232 2181 1327 2232 445,
1352 2181 1375 2220 3
1408 2176 1660 2234 ἐφθάνοντο
1693 2182 1807 2219 10010

138 2244 309 2286 tradunt
329 2245 412 2299 LO,
445 2243 704 2300 ἐφονεύοντο
736 2245 902 2299 reliqui,
936 2247 1175 2299 corruptela
1204 2246 1303 2288 inde
1335 2250 1426 2288 orta
1458 2245 1571 2300 quod
1601 2247 1637 2285 θ
1666 2245 1808 2286 littera

139 2312 179 2352 in
203 2326 225 2352 ο
247 2313 363 2355 abiit.
415 2326 456 2367 p.
480 2315 574 2368 490,
600 2315 618 2354 1
645 2309 792 2353 πολλὰ
814 2313 900 2353 τῶν
924 2310 1049 2354 ἰδίων
1072 2311 1192 2354 ἐθῶν
1217 2312 1280 2361 εἷς
1309 2311 1385 2354 τὸν
1416 2309 1627 2366 ὑμέτερον
1658 2327 1806 2366 παρα-

140 2377 314 2428 λύοντες
353 2378 486 2433 νόμον
528 2380 740 2423 edidimus
777 2393 830 2423 ex
862 2381 917 2434 L,
958 2381 1158 2435 idemque
1196 2379 1284 2423 fere
1324 2380 1453 2423 habet
1483 2380 1538 2434 (33
1577 2385 1620 2422 at
1651 2380 1806 2434 reliqui

139 2445 265 2489 haec:
306 2446 452 2489 πολλὰ
492 2450 579 2490 τῶν
621 2447 746 2490 ἰδίων
783 2446 902 2489 ἐθῶν
933 2447 1236 2502 παραλύοντες
1265 2448 1338 2489 καὶ
1370 2446 1529 2500 νόμιον.
1579 2462 1619 2502 p.
1653 2450 1748 2502 499,
1781 2450 1804 2489 8

139 2516 388 2567 πταίσματι
418 2517 589 2560 tradunt
618 2517 834 2570 PAMVR,
875 2514 1083 2569 πτώματι
1114 2516 1197 2570 LO,
1230 2516 1345 2570 quod
1375 2520 1496 2559 erunt
1525 2516 1703 2558 fortasse
1734 2516 1806 2569 qui

140 2582 299 2624 malint.
351 2583 506 2627 deinde
528 2598 568 2639 p.
594 2587 688 2637 500,
721 2587 764 2624 17
796 2584 928 2626 uerba
957 2581 1067 2636 μετὰ
1098 2585 1185 2624 τῶν
1217 2577 1368 2625 ὅπλων
1399 2583 1721 2638 suppeditantur
1751 2584 1805 2624 ab

257 2706 287 2745 1)
311 2703 392 2738 uide
416 2717 451 2750 p.
473 2708 627 2749 166,14;
658 2708 811 2749 171,15;
843 2708 917 2747 174,
938 2708 974 2744 4;
1006 2707 1080 2747 183,
1099 2708 1132 2749 23
1161 2708 1291 2747 1ss,1;
1316 2708 1348 2739 4.
1456 2707 1488 2745 2)
1514 2705 1596 2739 uide
1620 2715 1653 2749 p.
1675 2706 1748 2745 172,
1767 2707 1804 2747 43

143 2759 215 2798 174,
237 2761 274 2801 ’ῖς
302 2761 377 2800 182,
398 2764 450 2795 12.
546 2764 578 2804 3)
603 2763 702 2797 uelut
728 2774 762 2807 p.
788 2765 842 2803 49,
870 2765 888 2796 6
916 2764 998 2811 θεῷ
1022 2764 1153 2797 πλεῖον
1178 2757 1273 2797 εἶναι
1299 2761 1467 2796 exhibent
1489 2760 1562 2800 VO,
1588 2760 1806 2805 θεωρητέον

143 2809 234 2848 εἶναι
258 2815 403 2860 reliqui3
427 2828 462 2861 p.
484 2821 557 2859 156,
578 2821 618 2853 16
641 2821 778 2864 χρῆναι
794 2818 868 2862 VC,
892 2815 1057 2865 χρήμασι
1082 2818 1224 2861 reliqui;
1249 2828 1284 2862 p.
1313 2820 1388 2858 228,
1410 2820 1448 2851 12
1474 2813 1579 2861 ἱμῶν
1603 2814 1714 2856 ἕνεκα
1731 2816 1805 2856 Rc,

140 2865 245 2911 ὑμῶν
268 2871 413 2915 reliqui;
440 2884 475 2918 p.
502 2876 578 2916 338,
597 2877 638 2910 23
664 2871 764 2920 πρὸς
788 2870 970 2920 ἀλλήλους
994 2874 1069 2917 RC,
1094 2871 1193 2920 πρὸς
1217 2870 1261 2909 τὸ
1289 2879 1414 2919 τεῖχος
1438 2873 1581 2917 reliqui3
1613 2884 1647 2920 p.
1666 2875 1745 2913 495,
1763 2874 1804 2905 22

143 2924 238 2965 τινὲς
261 2926 328 2969 μὲν
352 2927 426 2972 Ro,
451 2931 546 2971 τινὲς
570 2929 708 2974 reliqui.
