2039 3251
4 882 38 914 10

1 1219 37 1252 15

482 150 548 184 DE
573 150 733 185 BELLO
758 150 854 185 IUD.
883 150 914 184 V
940 153 1095 184 92—100
1119 152 1155 191 (ιι
1184 156 1211 183 5.
1237 153 1273 180 ιιι
1306 154 1333 191 ι)
1654 149 1733 184 447

71 265 160 304 πᾶν
191 262 239 304 τὸ
262 262 419 318 τάγμα,
444 264 687 307 δοκούντων
710 260 1016 306 α’νιτίῑόστατον
1046 264 1125 318 μὲν
1157 261 1270 305 εἶναι
1300 262 1378 318 τήν
1408 264 1494 304 τῶν
1510 256 1733 304 Ἰουδαίων

71 330 294 389 ἐκδρομήν,
322 332 577 389 τετράφθαι
600 329 641 374 δ’
670 327 800 374 αὐτὸν
829 335 981 374 Τίτον·
1034 327 1082 373 οῦ
1113 330 1194 387 γὰρ
1227 328 1279 373 ἄν
1302 346 1412 372 ποτε
1441 330 1544 379 τοὺς
1575 325 1734 377 ἄλλους

71 398 247 454 ([ἐύγειν
271 398 434 442 ἐκείνου
456 403 676 453 μένοντος.
717 401 788 441 καὶ
811 399 1020 454 καθάπερ
1043 402 1216 454 πανικῷ
1240 400 1416 453 δείματι
1436 399 1733 446 κυκλωθέντες

73 463 204 516 ἄλλος
226 462 393 522 άλλαχή
416 467 686 523 διεφέροντο,
710 470 834 523 μέχρι
854 467 970 517 τινὲς
990 467 1242 517 κατιδόντες
1274 466 1317 509 ἐν
1338 469 1459 522 μέσῳ
1490 468 1568 508 τοῦ
1599 466 1734 507 πολέ-

69 551 152 587 μου
183 534 260 577 τὸν
292 532 482 591 ἰῖγεμόνα
505 534 802 590 στρεφόμενον
832 536 902 577 καὶ
935 537 1046 589 μέγα
1078 535 1301 584 δείσαντες
1334 530 1448 590 ἀμφ’
1487 532 1605 588 αι’-τῷ
1637 532 1733 574 δια-

69 605 210 656 ρόωσι
249 601 326 645 τὸν
365 603 564 645 κίνδυνον
603 597 692 657 ὅλῳ
732 604 795 657 τῷ
833 601 1035 656 τάγματι.
1095 601 1198 652 τούς
1230 598 1269 643 δ’
1299 601 1434 651 αἰδώς
1474 600 1732 656 ἐπέστρεφε,

70 671 141 712 καὶ
174 670 330 713 πλεῖόν
360 687 403 712 τι
435 672 573 726 φυγῆς
603 669 848 720 κακίζοντες
885 665 1099 724 ἀλλήλους
1130 670 1205 712 ἐπὶ
1236 671 1298 724 τῷ
1329 670 1589 711 καταλιπεῖν
1620 671 1733 709 Καί-

71 753 184 791 σαρα
216 737 338 793 πάσῃ
369 741 447 793 βία
477 736 588 779 κατὰ
626 739 712 778 τιῦν
738 732 962 779 Ἰουδαίων
994 736 1180 792 ἐχρῶντο
1229 738 1301 778 καὶ
1344 738 1568 786 κλίναντες
1613 731 1736 785 ἅπαξ

71 801 160 847 άπὸ
203 807 281 847 τοῦ
320 804 559 853 κατάντους
601 796 831 846 συνώθουν
873 800 1031 854 αὐτοὺς
1073 803 1135 853 εἷς
1172 803 1220 846 τὸ
1262 805 1423 846 κοῖλον.
1484 804 1525 845 οἱ
1567 799 1607 845 δ)
1644 800 1730 844 ’ὑπὸ

70 872 190 914 πόδα
208 874 450 926 χωροῦντες
471 870 695 925 ἐμάχοντο,
727 873 800 913 καὶ
821 871 1182 921 πλεονεκτοῦντες
1205 872 1246 914 οἱ
1265 869 1471 925 Ῥωμαῖοι
1501 873 1563 927 τῷ
1594 870 1734 913 καθύ-

68 944 238 995 περθεν
269 937 383 982 εἶναι
422 939 733 982 συνελαύνουσι
772 938 946 989 πάντας
985 939 1047 989 εἷς
1077 938 1154 994 τὴν
1196 939 1414 996 φάραγγα.
1474 942 1734 993 προσέκειτο

69 1007 115 1049 δὲ
146 1016 240 1056 τοῖς
269 1008 379 1048 καθ’
407 1004 539 1049 αὑτὸν
571 1004 592 1049 ὁ
630 1010 760 1056 Τίτος
789 1008 863 1049 καὶ
893 1006 942 1049 τὸ
976 1007 1055 1061 μὲν
1085 1007 1231 1062 τάγμα
1262 1007 1398 1050 πάλιν
1431 1006 1506 1050 ἐπὶ
1537 1006 1616 1065 τήν
1646 1023 1735 1049 τει-

63 1077 275 1128 χοποιίαν
298 1073 513 1129 ἔπεμψεν,
548 1069 680 1124 αὐτὸς
712 1074 758 1116 δὲ
790 1073 867 1116 σὺν
901 1074 967 1124 οἷς
998 1074 1216 1130 πρότερον
1249 1071 1458 1124 ἀντιστὰς
1490 1072 1604 1130 εἶργε
1635 1074 1736 1125 τοὺς

68 1144 331 1198 πολεμίους·
365 1138 489 1190 ὥστ’,
523 1142 561 1184 εἰ
588 1141 669 1199 χρὴ
691 1142 800 1199 μήτε
821 1146 1050 1199 θεραπείᾳ
1080 1160 1124 1186 τι
1146 1142 1453 1197 προστιθέντα
1483 1138 1600 1198 μήθ)
1626 1140 1734 1199 ὕφε-

68 1210 201 1254 λόντα
232 1210 394 1268 φθόνῳ
425 1205 620 1267 τάληθὲς
643 1210 798 1260 εἰπεῖν,
832 1206 963 1260 αὐτὸς
985 1215 1161 1266 Καῖσαρ
1194 1211 1261 1261 δὶς
1291 1212 1371 1264 μὲν
1403 1209 1614 1266 ἐρρύσατο
1646 1228 1736 1254 κιν-

69 1280 278 1322 δυνεῦσαν
309 1274 412 1321 ὅλον
433 1277 482 1320 τὸ
506 1277 651 1332 τάγμα
678 1280 750 1320 καὶ
781 1280 859 1320 τοῦ
880 1279 1211 1333 περιβαλέσθαι
1241 1277 1290 1321 τὸ
1325 1274 1626 1331 στρατόπεδον
1660 1274 1736 1321 αὗ-

67 1356 161 1397 τοῖς
192 1343 344 1390 ἄδειαν
376 1349 580 1402 παρέσχε.

181 1427 256 1469 III.
291 1430 326 1469 1.
358 1425 676 1483 Λωφήσαντος
698 1425 744 1467 δὲ
766 1424 880 1478 πρὸς
909 1424 1044 1479 βραχὺ
1076 1427 1153 1468 τοῦ
1174 1424 1343 1480 θύραζε
1372 1426 1565 1479 πολέμου
1598 1425 1734 1468 πάλιν

68 1492 141 1536 τὸν
163 1493 285 1537 ἔνδον
307 1490 330 1549 ἡ
357 1492 512 1542 στάσις
544 1492 784 1548 ἐπήγειρεν,
834 1494 906 1534 καὶ
928 1494 1005 1548 τῆς
1026 1494 1111 1534 τῶν
1133 1489 1308 1546 ἀζύμων
1338 1492 1550 1549 ἐνστάσης
1571 1490 1735 1550 ἡμέρας

68 1559 516 1616 τεσσαρεσκαιδεκάτῃ
556 1561 787 1606 Ξανθικοῦ
825 1559 980 1616 μηνός,
1024 1559 1068 1602 ἐν
1106 1556 1132 1616 ᾗ
1174 1561 1378 1603 δοκοῦσιν
1412 1555 1620 1603 Ἰουδαῖοι
1657 1559 1735 1602 τὸν

70 1631 248 1683 πρῶτον
270 1626 580 1684 ἀπαλλαγῆναι
600 1627 753 1684 καιρὸν
775 1627 1055 1683 Αἰγυπτίων,
1089 1628 1132 1670 οἱ
1161 1628 1240 1682 μὲν
1262 1629 1365 1683 περὶ
1386 1626 1464 1670 τὸν
1480 1623 1735 1683 Ἐλεάζαρον

69 1700 412 1752 παρανοίγοντες
442 1695 521 1746 τὰς
560 1695 704 1745 πύλας
743 1695 939 1748 ἐδέχοντο
972 1694 1016 1737 ἐκ
1046 1698 1123 1738 τοῦ
1163 1695 1302 1751 δήμου
1332 1694 1435 1745 τους
1473 1705 1735 1750 προσκυνεῖν

70 1762 310 1813 ἐθέλοντας
332 1763 450 1815 εἴσω,
467 1759 669 1820 Ἰωάννης
691 1763 738 1806 δὲ
760 1762 1055 1818 προκάλυμμα
1075 1766 1152 1821 τῆς
1175 1763 1413 1820 ἐπιβουλῆς
1434 1764 1736 1821 ποιησάμενος

180 1987 725 2034 PAMLVRCLatHegesippus
742 1989 776 2024 V
801 1992 821 2023 4
845 1999 879 2032 p.
900 1990 978 2023 285.
1015 1988 1176 2024 Zonaras
1200 1989 1216 2023 I
1241 2000 1277 2033 p.
1297 1991 1374 2023 527.

183 2059 197 2089 1
225 2059 302 2092 πᾶν
325 2056 470 2090 iterauit
493 2057 542 2090 Al
674 2052 952 2098 οἷνῧπόστατον,
977 2069 1005 2091 π
1029 2066 1072 2090 ex
1098 2066 1190 2091 corr.
1217 2057 1247 2090 L
1363 2055 1431 2100 μὲν
1455 2067 1484 2090 s.
1510 2055 1537 2088 P
1654 2056 1673 2087 2
1698 2053 1736 2089 δὲ

68 2110 163 2146 VRC
279 2108 399 2149 αὐτὸν
423 2122 491 2147 om.
517 2112 589 2147 Lat
708 2113 820 2148 Τίτον
845 2122 912 2147 om.
940 2112 1004 2146 VR
1104 2110 1178 2158 γὰρ
1208 2109 1256 2148 ἄν
1285 2115 1392 2153 ποτε]
1418 2108 1492 2157 γάρ
1517 2123 1612 2146 ποτε
1638 2109 1668 2143 L

69 2168 88 2200 3
113 2165 275 2214 φεύγειν]
301 2176 432 2215 φυγεῖν
457 2169 551 2204 VRC
665 2171 729 2204 καὶ
758 2165 948 2215 καθάπερ]
980 2166 1160 2213 καθάπερ
1188 2165 1261 2214 γὰρ
1287 2168 1325 2202 Μ
1439 2169 1503 2202 καὶ
1528 2186 1569 2190 —
1595 2167 1735 2201 κυκλω-

68 2223 199 2266 θέντες
228 2235 297 2260 om.
323 2225 356 2260 R
493 2229 513 2259 4
539 2221 707 2271 ἀλλαχοῦ
730 2225 835 2260 ΡΑΜ
965 2225 1206 2271 διεφέροντο,
1231 2225 1249 2261 ε’
1274 2235 1316 2259 ex
1341 2234 1431 2259 corr.
1460 2224 1491 2256 A
1629 2220 1736 2257 τινὸσ

66 2278 294 2317 κατιδόντοσ
317 2282 348 2316 L
443 2286 461 2317 5
487 2279 597 2326 ἄμφ’]
623 2278 685 2319 ἐπ’
712 2281 742 2315 L
836 2277 939 2318 αὐτῶ
956 2300 986 2323 ·,
1016 2291 1106 2316 eras.
1133 2295 1154 2316 ν
1177 2282 1210 2314 Α
1326 2284 1345 2315 6
1375 2280 1413 2317 δὲ
1436 2279 1532 2315 VRC
1626 2281 1643 2311 ’ἵ
1672 2279 1736 2325 τῷ]

69 2334 113 2373 τὸ
140 2337 169 2372 L
323 2341 566 2375 καταλειπεῖν
590 2339 653 2372 PA
791 2340 809 2372 8
835 2339 958 2373 καὶ-
977 2340 996 2372 9
1020 2334 1243 2380 κατάντους]
1269 2342 1302 2371 et
1326 2336 1435 2371 semel
1459 2335 1508 2370 ad
1530 2336 1735 2371 descensum

71 2394 271 2428 transuersa·
293 2394 365 2429 Lat
501 2396 703 2436 κλίναντας
727 2394 877 2429 Hudson
1017 2396 1036 2427 9
1061 2390 1280 2429 συνεώθουν
1304 2392 1548 2437 reponendum
1573 2391 1646 2426 uid.

69 2449 108 2485 δὲ
131 2450 259 2484 LVRC
413 2449 474 2488 ἐπὶ
505 2449 605 2487 πόδα
639 2447 933 2497 ὑποχωροῦντες
962 2449 1178 2485 Herwerden
1318 2452 1357 2484 10
1389 2451 1455 2497 τῷ]
1481 2446 1525 2484 τὸ
1558 2448 1616 2482 ΡΟ

73 2507 112 2539 12
136 2505 174 2542 δὲ
198 2517 265 2541 om.
292 2506 318 2540 C
459 2511 500 2543 13
525 2508 563 2544 δὲ
587 2518 615 2542 S.
642 2507 674 2540 A
769 2503 835 2548 οἷς]
862 2512 946 2543 τοῖσ
970 2507 1007 2540 Μ
1034 2506 1090 2542 εἰσ
1114 2507 1163 2541 V¹
1268 2502 1369 2552 εἶργε
1392 2505 1455 2539 AO
1575 2506 1614 2538 14
1639 2496 1737 2539 ὥστ’

70 2561 115 2604 εἰ]
140 2572 182 2597 ex
207 2573 296 2599 corr.
321 2563 355 2597 A
379 2557 478 2600 ὥστε
501 2564 581 2598 PA¹
606 2557 705 2599 ὥστε
737 2563 771 2600 εἰ
792 2562 960 2598 MLVRC
992 2563 1116 2608 itaque
1147 2563 1179 2596 εί
1208 2573 1262 2598 me
1285 2562 1357 2596 Lat
1516 2559 1736 2607 προσθέντα

69 2617 243 2654 Destinon
334 2616 442 2666 μήθ’]
467 2617 559 2665 μήτε
583 2620 683 2656 LVR
776 2623 816 2655 15
842 2619 887 2656 τὸ
907 2616 1049 2666 άληθὲσ
1072 2619 1172 2655 LVR
1265 2614 1384 2654 αὖτὸσ
1408 2616 1476 2661 μὲν
1502 2616 1528 2650 C
1620 2618 1737 2651 κινδυ-

71 2677 180 2711 νεῦον
211 2678 244 2717 (o
272 2686 315 2711 ex
340 2687 431 2711 corr.
457 2676 502 2718 V)
527 2675 622 2711 VRC
734 2678 774 2710 16
799 2676 1097 2723 περιβάλλεσθαι
1121 2675 1233 2709 PA¹L
1341 2670 1401 2718 τὸ]
1434 2673 1550 2718 suppl.
1575 2672 1603 2706 P
1629 2673 1667 2709 δὲ
1691 2669 1735 2707 τὸ

70 2729 164 2766 VRC
272 2727 402 2775 αὐτοῖς
426 2743 455 2768 s.
488 2732 515 2766 P
635 2735 674 2767 18
707 2733 728 2767 i.
754 2742 863 2776 marg.
890 2729 938 2768 ια’
966 2732 991 2766 C
1106 2726 1352 2777 λοφήσαντοσ
1375 2730 1470 2765 VRC
1581 2726 1736 2774 θύραζε]

70 2783 240 2832 θύραθεν
262 2788 371 2823 LZon
396 2789 477 2823 fort.
502 2790 599 2824 recte
718 2791 756 2822 19
782 2785 852 2824 τὸν
877 2785 986 2825 ἔνδον
1008 2786 1029 2834 ἡ
1055 2785 1186 2830 στάσις
1209 2785 1420 2833 ἐπήγειρεν]
1451 2785 1554 2820 LLat
1585 2782 1692 2821 ἔνδον
1715 2780 1736 2829 ἡ

72 2839 205 2878 στάσισ
229 2841 459 2890 (ἐπεγείρετο
477 2845 518 2886 Ρ)
543 2843 765 2893 ἐπηγείρετο
783 2844 982 2879 PAMVRC
1009 2850 1090 2886 τοῖς
1114 2841 1222 2880 ἔνδον
1238 2840 1259 2890 ἡ
1277 2840 1408 2885 στάσις
1424 2839 1598 2889 ἠγείρετο
1615 2841 1693 2875 Ζοιι

73 2899 114 2931 20
133 2897 512 2944 τεσσαρισκαιδεκάτη
536 2901 568 2935 Α
661 2900 696 2937 οἳ
720 2901 878 2937 ἰουδαῖοι
902 2901 998 2936 VRC

1766 402 1818 441 93

1766 605 1817 643 94

1766 1428 1819 1469 98

1767 1497 1819 1535 99

1771 1768 1847 1806 100
