2018 3236
243 130 321 165 204
636 127 700 160 DE
726 126 884 160 BELLO
908 125 1004 160 IUD.
1029 125 1065 158 ΙΙ
1090 127 1269 160 259-265
1294 127 1374 165 (xm
1400 131 1496 165 4—6)

131 246 210 285 260
244 245 412 294 θερίας.
464 238 539 280 ἐπὶ
560 237 730 286 τούτοις
754 237 908 291 Φῆλιξ,
940 236 1078 279 ἐδόκει
1098 236 1180 292 γὰρ
1204 233 1493 286 ἀποστάσεως
1519 234 1629 278 εἶναι
1660 237 1890 292 καταβολή,

241 310 425 360 πέμψας
457 305 612 353 ἱππεῖς
641 306 714 345 καὶ
744 303 902 354 πεζοὺς
932 301 1121 353 ὁπλίτας
1151 303 1264 345 πολὺ
1297 305 1473 359 πλῆθος
1504 304 1772 359 διέφθειρεν.

129 380 204 418 261
354 378 391 415 5.
423 370 611 422 ΙΙΙείζονι
642 371 688 413 δὲ
718 370 873 413 τούτου
905 372 1048 426 πληγῇ
1075 366 1310 420 Ἰουδαίους
1342 371 1555 413 ἐκάκωσεν
1586 368 1607 412 ό
1640 369 1892 424 Αἰγύπτιος

234 438 625 496 ψευδοπροφήτης·
657 437 1009 493 παραγενόμενος
1041 436 1122 493 γὰρ
1149 437 1212 487 εἷς
1242 437 1319 493 τὴν
1345 438 1489 492 χώραν
1521 435 1763 491 ἅνθρωπος
1792 436 1895 496 γόης

233 509 305 549 καὶ
328 506 560 563 προφήτου
582 509 736 548 πίστιν
758 504 937 555 ἐπιθεὶς
964 504 1105 560 ἑαυτῷ
1137 507 1239 558 περὶ
1269 508 1551 559 τρισμυρίους
1581 504 1660 557 μὲν
1691 499 1894 559 ἀθροίζει
1923 515 1942 546 5

129 580 209 618 262
241 576 328 616 τῶν
366 570 678 631 ἠπατημένων,
725 571 1002 627 περιαγαγών
1044 572 1090 613 δὲ
1132 568 1289 620 αὐτοὺς
1327 571 1371 614 ἐκ
1409 574 1486 628 τῆς
1527 571 1707 628 ἐρημίας
1746 570 1807 620 εἷς
1845 569 1893 612 τὸ

236 642 393 684 ἐλαιῶν
426 640 691 694 καλοί-μενον
722 637 823 695 ὅρος
854 639 1024 681 ἐκεῖθεν
1055 639 1148 688 οἷός
1177 655 1224 681 τε
1253 630 1304 696 ἦν
1337 639 1399 689 εἷς
1423 636 1700 694 Ἱεροσόλυμα
1730 639 1896 692 παρελ-

234 714 334 752 θεῖν
354 708 593 763 βιάζεσθαι
610 710 681 750 καὶ
702 706 920 764 κρατήσας
944 709 1021 763 τῆς
1036 723 1083 748 τε
1101 703 1335 762 Ῥωμαϊκῆς
1360 708 1556 763 φρουρᾶς
1576 708 1647 748 καὶ
1663 707 1739 747 τοῦ
1758 704 1895 759 δήμου

129 783 208 822 263
238 785 462 831 τυραννεῖν
498 775 717 832 χριόμενος
755 784 847 824 τοῖς
886 776 1250 816 συνεισπεσοῦσιν
1289 773 1567 830 δορυφόροις.
1643 772 1811 829 φθάνει
1850 767 1892 813 δ’

241 841 374 887 αὐτοῦ
414 842 491 900 τὴν
530 840 668 899 ὁρμὴν
703 841 845 897 Φῆλιξ
877 838 1131 899 ’ὑπαντήσας
1161 840 1271 894 μετὰ
1301 843 1388 882 τῶν
1414 838 1659 893 Ῥωμαϊκῶν
1690 837 1898 890 ὁπλιτῶν,
1930 849 1965 882 10

240 913 312 954 καὶ
350 913 440 960 πᾶς
478 907 499 952 ὁ
543 911 677 967 δῆμος
716 909 1000 966 συνεφήψατο
1040 911 1115 966 τῆς
1154 905 1339 965 ἀμύνης,
1379 902 1492 949 ὥστε
1530 908 1748 964 συμβολῆς
1776 922 1897 961 γενο-

240 982 370 1035 μένης
399 977 475 1020 τὸν
505 978 583 1031 μὲν
610 976 862 1032 Αἰγύπτιον
894 985 1046 1033 φυγεῖν
1075 971 1172 1030 μετ3
1208 971 1379 1031 ὀλίγων,
1413 975 1719 1031 διαφθαρῆναι
1750 973 1796 1014 δὲ
1825 974 1899 1015 καὶ

242 1047 520 1103 ζωγρηθῆναι
557 1046 792 1093 πλείστους
830 1046 917 1084 τῶν
957 1042 1033 1084 σὺν
1065 1038 1204 1098 αὐτῷ,
1245 1042 1292 1085 τὸ
1327 1043 1373 1084 δὲ
1405 1041 1562 1085 λοιπὸν
1594 1043 1771 1098 πλῆθος
1802 1054 1898 1081 σκε-

244 1114 411 1156 δασθὲν
443 1112 518 1155 ἐπὶ
549 1110 625 1169 την
657 1111 820 1153 ἑαυτῶν
853 1110 1032 1153 ἕκαστον
1065 1110 1311 1153 διαλαθεῖν.

131 1187 213 1226 264
356 1185 394 1223 6.
434 1179 806 1232 Κατεσταλμένων
847 1178 892 1219 δὲ
930 1180 1002 1220 καὶ
1039 1177 1205 1219 τούτων
1241 1173 1390 1235 ὥσπερ
1423 1177 1466 1219 ἐν
1497 1178 1694 1219 νοσοῦντι
1729 1173 1900 1226 σώματι
1930 1185 1967 1217 15

243 1244 379 1289 πάλιν
426 1246 570 1301 ἕτερον
614 1249 745 1300 μέρος
791 1245 1091 1300 ἐφλέγμαινεν.
1157 1245 1199 1287 οἱ
1243 1245 1324 1301 γὰρ
1370 1244 1521 1300 γόητες
1565 1245 1636 1286 καὶ
1677 1241 1899 1298 λῃστρικοὶ

245 1313 533 1367 συναχθέντες
573 1312 764 1361 πολλοὺς
803 1312 865 1362 εἰς
905 1308 1155 1355 ἀπόστασιν
1194 1312 1342 1369 ἐνῆγον
1380 1313 1452 1354 καὶ
1492 1310 1604 1366 πρὸς
1645 1309 1900 1363 ἐλευθερίαν

244 1381 541 1436 παρεκρότουν
578 1379 776 1421 θάνατον
815 1378 1102 1433 ἐπιτιμῶντες
1132 1388 1224 1428 τοῖς
1254 1381 1574 1432 πειθαρχοῦσιν
1603 1380 1656 1433 τῇ
1681 1374 1901 1429 Ῥωμαίων

244 1447 453 1507 ἡγεμονίᾳ
504 1449 577 1490 καὶ
629 1445 743 1501 πρὸς
784 1450 886 1500 βίαν
932 1442 1267 1503 ἀφαιρήσεσθαι
1311 1448 1506 1501 λέγοντες
1549 1443 1650 1494 τους
1694 1443 1901 1490 ἑκουσίως

135 1522 214 1561 265
248 1515 465 1558 δουλεύειν
509 1517 896 1568 προαιροιίιένους.
967 1513 1243 1567 μεριζόμενοι
1289 1514 1334 1556 δὲ
1380 1513 1441 1563 εἰς
1486 1512 1563 1568 τὴν
1603 1511 1748 1565 χώραν
1792 1507 1900 1551 κατὰ
1929 1525 1966 1557 20

247 1583 398 1636 λόχους
437 1578 676 1638 διήρπαζόν
714 1597 761 1623 τε
799 1579 877 1630 τὰς
914 1583 1000 1622 τῶν
1032 1581 1224 1623 δυνατῶν
1256 1580 1396 1631 οἰκίας
1426 1582 1497 1622 καὶ
1531 1575 1685 1628 αὖτοὺς
1716 1574 1899 1632 ἀνῄρουν

362 1751 382 1792 ς
411 1751 475 1784 260
501 1765 543 1776 =
568 1749 653 1783 Ant.
679 1748 755 1783 lud.
781 1749 848 1782 XX
875 1750 951 1784 168.

363 1917 594 1952 PAMLVRC
605 1918 902 1961 LatHegesippus
925 1917 961 1951 11
988 1921 1004 1950 7
1031 1928 1064 1961 p.
1087 1919 1149 1951 132
1174 1916 1354 1950 Eusebius
1378 1916 1461 1949 hist.
1489 1914 1574 1949 eccl.
1599 1914 1633 1948 II
1658 1916 1711 1948 21.

364 1979 377 2009 1
408 1972 563 2009 τούτοισ
590 1969 610 2008 ὃ
635 1973 729 2008 VRC
866 1975 968 2018 φίλιξ
989 1973 1051 2007 PA
1076 1976 1112 2007 et
1135 1983 1178 2007 ex
1203 1983 1294 2007 corr.
1320 1972 1353 2006 R
1377 1973 1487 2017 φίληξ
1514 1970 1630 2004 ML2C
1776 1972 1794 2003 2
1819 1974 1901 2014 post

250 2031 402 2074 πέμψας
425 2041 496 2065 ras.
524 2033 610 2063 6-7
636 2030 703 2064 litt.
731 2029 756 2063 C
849 2027 966 2065 πολλὺ
985 2029 1010 2063 C
1104 2031 1122 2062 3
1147 2029 1304 2073 μείζονι]
1330 2027 1454 2070 incipit
1478 2026 1654 2060 Eusebius
1752 2025 1900 2068 τούτου]

248 2085 388 2133 ταύτησ
412 2085 507 2120 VRG
533 2080 677 2122 τούτων
693 2086 825 2127 Euseb‚
851 2096 919 2120 om.
946 2086 1015 2120 Lat
1128 2083 1163 2126 ὁ]
1189 2084 1334 2129 quidm,
1360 2084 1429 2117 Lat
1529 2086 1549 2116 4
1572 2079 1646 2129 γὰρ
1671 2094 1737 2118 om.
1764 2084 1812 2118 L¹

250 2148 268 2177 5
294 2142 448 2184 ἐπιθεὶς]
480 2144 687 2185 περιτιθεὶσ
719 2142 748 2176 L
779 2142 861 2177 fort.
892 2146 988 2176 recte
1125 2137 1227 2176 αὑτῶ
1257 2140 1289 2174 R
1320 2138 1422 2175 αὑτῶ
1445 2139 1513 2182 ΝΟ
1677 2142 1696 2172 6
1721 2152 1900 2186 περιαγα-

250 2197 340 2246 γών]
366 2195 598 2244 προαγαγὼν
630 2198 784 2232 Dindorf
929 2198 990 2238 εἰς]
1021 2196 1113 2232 VRC
1125 2196 1244 2230 Euseb
1279 2195 1339 2231 ἐπὶ
1368 2196 1395 2229 P
1425 2192 1527 2241 πρὸσ
1559 2194 1661 2229 AML
1790 2198 1808 2230 8
1845 2195 1900 2239 τε]

248 2254 524 2296 LVRCEuseb,
563 2264 630 2288 om.
665 2253 767 2287 PAM
936 2255 1000 2288 καὶ
1038 2263 1105 2287 om.
1147 2252 1216 2286 Lat
1393 2255 1412 2286 9
1452 2254 1657 2297 τυραννεῖν]
1690 2250 1766 2285 L2c
1779 2251 1901 2287 Euseb

248 2311 525 2346 dominationem
557 2321 729 2345 exercere
752 2309 822 2343 Lat
853 2314 1027 2355 τυραννεῖ
1057 2307 1225 2341 PAMVR
1257 2307 1444 2353 τυραννίδι
1474 2307 1521 2340 L¹
1637 2305 1835 2352 χριόμενος
1859 2327 1902 2331 -

250 2364 491 2413 δορυφόροις]
517 2365 684 2400 utebatur
708 2369 825 2399 autem
849 2363 1085 2411 stipatoribus
1109 2364 1170 2408 qui
1196 2363 1244 2397 ad
1268 2363 1306 2397 id
1327 2364 1476 2406 facinus
1500 2366 1743 2397 conuenerant
1766 2362 1835 2396 Lat

249 2424 287 2460 δὲ
311 2423 406 2459 VRG
524 2425 564 2455 10
589 2422 691 2466 φίλιξ
712 2421 773 2454 ΡΑ
797 2424 832 2455 et
856 2431 899 2454 ex
924 2431 1013 2454 corr.
1039 2419 1072 2453 R
1096 2421 1205 2465 φίληξ
1228 2418 1342 2452 ML2C
1463 2415 1688 2464 ὑπαντήσας]
1708 2417 1901 2453 PAEuseb

248 2476 486 2515 ὺπαντιάσασ
510 2477 677 2512 MLVRC
799 2475 979 2521 ῥωμαίων
1004 2475 1030 2509 Ρ
1057 2472 1252 2519 ῥωμαικὸν
1275 2475 1322 2508 V¹
1441 2478 1475 2509 11
1505 2470 1756 2520 συναφήψατο
1780 2473 1814 2508 R

252 2538 292 2569 12
319 2531 451 2580 ὀλίγον
474 2534 522 2568 A²
647 2532 684 2568 δὲ
708 2543 776 2566 om.
801 2532 834 2565 V
961 2535 999 2566 13
1025 2532 1281 2576 ζωγρηθῆναι,
1306 2533 1358 2575 ζω
1382 2530 1405 2565 i.
1431 2540 1499 2564 ras.
1525 2531 1559 2564 A
1687 2525 1802 2577 αὐτῷ]
1826 2528 1904 2562 finit

249 2590 372 2625 Euseb
500 2591 542 2622 14
567 2586 691 2624 αὐτῶν
714 2588 775 2622 VC
918 2590 955 2621 15
982 2584 1124 2630 σώματι
1151 2597 1218 2621 om.
1236 2586 1264 2620 P
1384 2589 1421 2620 16
1446 2584 1711 2631 ἐφλέγμαινεν,
1742 2599 1779 2620 αι
1804 2586 1839 2618 et
1863 2597 1903 2620 εν

248 2652 271 2686 i.
297 2656 367 2680 ras.
393 2647 426 2679 A
450 2641 702 2690 ἐφλόγμαινεν
734 2647 784 2685 (αι
815 2653 858 2676 ex
891 2656 909 2679 ε
940 2644 1043 2684 corr.)
1066 2643 1099 2676 V
1128 2640 1353 2688 ἕφλέγμενεν
1385 2641 1478 2675 R¹C¹
1618 2644 1656 2674 17
1690 2638 1903 2677 ἀπόστασιν

249 2701 398 2747 ἐνῆγον]
424 2697 665 2737 ἀποστασίαν
688 2693 782 2745 ἦγον
805 2699 907 2733 PAM
931 2698 1076 2740 (mullis)
1102 2697 1338 2742 afflictionem
1372 2697 1586 2733 inducebant
1611 2696 1680 2731 Lat
1769 2698 1843 2737 καὶ]
1868 2699 1903 2731 et

251 2757 356 2802 quasi
378 2756 448 2790 Lat
583 2754 813 2802 ἐλευθερίαν]
837 2751 1078 2791 ἀποστασίαν
1101 2754 1135 2786 Α
1275 2758 1313 2789 19
1347 2750 1675 2799 ἀφαιρεθήσεσθαι
1700 2751 1794 2786 VRO

251 2814 314 2847 καὶ
338 2810 489 2858 πρὸς-
506 2814 547 2845 20
572 2810 907 2856 προαιρουμένους]
931 2814 972 2844 ut
994 2809 1211 2844 reluctantes
1235 2814 1439 2845 auerterent
1462 2819 1522 2843 eos
1545 2807 1609 2853 qui
1630 2808 1773 2851 ferrent
1795 2817 1903 2853 spon-

253 2875 394 2902 taneam
418 2867 626 2902 seruitutem
651 2866 720 2900 Lat
812 2869 852 2900 20
879 2861 915 2901 δ’
940 2865 970 2899 L
