2018 3236
248 151 327 188 578
670 149 735 183 DE
761 148 918 183 BELLO
943 148 1038 183 ΠΗ).
1064 148 1130 183 vn
1153 151 1286 183 48—56
1310 152 1360 189 (ιιι
1389 155 1416 181 3.
1443 152 1472 191 4)

162 267 213 306 49
245 266 319 306 τοῦ
351 262 543 314 θεάτρου
582 261 931 316 κατεφλέγησαν,
973 259 1049 302 ἐπὶ
1083 260 1128 302 δὲ
1163 259 1211 302 τὸ
1246 261 1424 315 πλῆθος
1463 256 1638 317 ιῖἷρμητο
1679 263 1765 303 τιῦν
1792 257 1898 304 Ἰου-

245 331 379 373 δαίων
426 329 468 371 ἓν
498 330 560 382 τῷ
590 327 739 380 τάχιον
770 326 957 376 ἐκείνοις
997 331 1190 384 τιμωρία
1227 329 1482 382 περιβαλεῖν
1512 327 1589 385 τὴν
1636 324 1776 371 αυτιῦν
1807 345 1897 370 πα-

166 402 216 439 50
247 398 374 451 τρίὸα
413 394 565 446 σωζειν
606 393 867 448 νομίζοντες.
930 390 1155 447 Ἀιτίοχος
1194 394 1240 436 d&
1281 397 1598 450 προσεπέτεινε
1635 395 1712 451 τὴν
1753 391 1893 472 οργήν,

243 464 341 517 τερὶ
372 462 449 515 ιιὲν
480 477 554 517 τις
594 457 726 503 αὐτοῦ
764 461 1008 518 μεταβολῆς
1046 463 1117 504 καὶ
1159 464 1235 504 τοῦ
1275 465 1561 518 μεμισηκέναι
1591 461 1643 503 τὰ
1675 464 1761 504 τιῦν
1787 458 1892 504 Ιου-

243 531 377 571 daim
400 528 482 585 εθη
504 544 734 585 τεκμηριον
767 528 1027 583 ἐμπαρέχειν
1058 525 1258 583 οιόμενος
1278 528 1326 571 τὸ
1352 528 1557 572 ἐπιθύειν
1579 524 1730 584 ὥσπερ
1763 529 1894 583 νόιιος

161 601 206 638 51
244 597 333 638 ἐστὶ
374 604 467 644 τοῖς
496 590 719 652 Ἕλλησιν·
767 595 932 638 ἐκέλευε
972 596 1018 638 δὲ
1058 598 1130 639 καὶ
1168 595 1270 646 τοὺς
1315 595 1471 646 ἄλλους
1508 595 1557 638 τὸ
1600 592 1704 639 αὐτὸ
1747 606 1893 639 ποιεῖν

243 660 516 717 ἀναγκάζειν·
559 661 775 719 φανεροὺς
813 662 894 718 γὰρ
933 663 1201 718 γενήσεσθαι
1235 666 1298 719 τῷ
1327 663 1384 721 μὴ
1414 665 1563 707 θέλειν
1602 663 1704 712 τοὶ-ς
1743 662 1893 717 ἐπιβε-

236 729 539 784 βουλευκότας.
604 733 837 784 χρωμένων
879 730 925 773 δὲ
965 733 1016 786 τῇ
1057 735 1190 787 πείρᾳ
1229 733 1314 773 τῶν
1340 727 1596 784 Ἀντιοχέων
1634 726 1776 786 ὀλίγοι
1814 731 1893 785 μὲν

157 800 207 838 52
242 795 488 850 ἶπεμειναν,
522 796 563 839 οἱ
595 797 640 838 ὁὲ
671 796 728 854 μὴ
759 798 1053 854 βουληθέντες
1085 795 1381 855 ἀνῃρέθησαν.
1432 794 1652 851 Ἀντίοχος
1683 798 1729 840 δὲ
1759 813 1892 852 στρα-

238 864 398 913 τιώτας
439 863 561 919 παρὰ
601 866 677 906 τοῦ
712 861 934 918 Ῥωμαίων
978 862 1188 922 ἡγεμόνος
1228 865 1373 920 λαβών
1409 864 1603 919 χαλεπὸς
1645 864 1893 921 ἐφειστήκει

236 941 328 981 τοῖς
369 926 501 974 αὐτοῦ
540 932 768 983 πολίταις,
815 928 961 987 ἀργεῖν
999 932 1074 989 τὴν
1116 933 1304 990 εβὸόμην
1344 950 1420 975 ουκ
1460 931 1738 987 ἐπιτρέπων,
1780 927 1893 974 ἀλλὰ

156 1001 206 1039 53
237 998 497 1052 βιαζόμενος
527 998 675 1041 πάντα
706 998 918 1053 πράττειν
939 997 1022 1041 ‘o'oa
1047 1000 1096 1056 ὁη
1119 1002 1190 1043 καὶ
1213 1010 1309 1050 ταῖς
1333 997 1488 1049 ἄλλαις
1508 997 1704 1057 ἡμέραις.
1756 1015 1893 1049 ουτως

233 1083 277 1108 τε
317 1064 392 1123 τὴν
434 1063 620 1122 ἀνάγκην
666 1065 844 1121 ἰσχυρὰν
876 1065 1097 1124 ἐποίησεν,
1139 1065 1196 1117 ὡς
1234 1067 1292 1125 μὴ
1333 1067 1467 1121 μόνον
1511 1063 1584 1108 επ)
1624 1063 1892 1120 Ἀντιοχείας

233 1134 535 1190 καταλυθῆναι
565 1150 643 1190 την
676 1150 693 1175 ε
696 1129 899 1188 βόομαὸα
932 1130 1064 1191 ἀργὴν
1095 1132 1275 1191 ἡμέραν,
1314 1131 1410 1176 ἀλλ’
1447 1134 1616 1176 ἐκεῖθεν
1649 1130 1890 1188 αρξαμένου

233 1203 308 1243 τοῦ
332 1199 591 1255 πράγματος
611 1197 691 1243 κάν
711 1210 809 1251 ταῖς
841 1198 996 1251 ἄλλαις
1028 1201 1212 1244 πόλεσιν
1235 1200 1399 1256 ὁμοίιος
1419 1201 1579 1257 βραχύν
1600 1219 1700 1244 τινα
1719 1200 1888 1256 χρόνον.

153 1271 203 1309 54
348 1273 385 1310 4.
424 1267 648 1310 Τοιοιτων
680 1267 730 1324 δη
763 1276 856 1318 τοῖς
887 1264 958 1310 ἐτ”τ
981 1264 1254 1322 Αντιοχείας
1279 1265 1508 1319 ὛΙοιόαιοις
1537 1271 1624 1310 τῶν
1654 1286 1732 1311 κατ
1779 1267 1887 1311 εκεῖ-

236 1351 305 1377 νον
335 1334 411 1377 τὸν
441 1334 592 1389 καιρὸν
623 1337 763 1377 κακῶν
803 1351 849 1390 γε
852 1351 1048 1392 ιετηιιεν
1051 1353 1094 1378 ον
1134 1335 1311 1391 δευτέρα
1342 1336 1477 1379 πάλιν
1509 1335 1714 1393 συμφορὰ
1746 1350 1887 1389 προσ-

234 1405 265 1443 ε’
264 1417 377 1453 τεσε,
409 1417 510 1456 περι
546 1405 594 1457 ης
625 1402 983 1459 ἐπιχειρήσαντες
1015 1399 1290 1460 αφηγεῖσθαι
1320 1406 1392 1446 καὶ
1421 1406 1559 1446 ταῦτα
1582 1403 1885 1481 ὀιεξηλθομεν.

156 1473 206 1510 55
239 1468 337 1511 ἐπεὶ
367 1468 448 1524 γὰρ
481 1472 635 1526 συνέβη
666 1473 1037 1527 καταπρησθηναι
1068 1470 1145 1527 την
1175 1471 1446 1527 τετράγωνον
1477 1467 1637 1526 ἆγοραν
1669 1467 1818 1525 αρχεῖά
1840 1487 1888 1512 τε

234 1538 305 1578 καὶ
335 1537 781 1593 γραμματοφυλάκιον
812 1539 883 1580 καὶ
905 1538 984 1588 τὰς
1012 1539 1256 1592 βασιλικάς,
1288 1539 1416 1593 μόλις
1438 1555 1483 1579 τε
1504 1537 1552 1580 τὸ
1577 1541 1663 1593 πῦρ
1688 1537 1885 1594 ἐκωλύθη

231 1601 340 1656 μετὰ
382 1603 549 1659 πολλῆς
585 1607 687 1657 βίας
727 1604 801 1646 ἐπὶ
841 1606 991 1647 πᾶσαν
1031 1604 1108 1660 τὴν
1139 1605 1272 1648 πόλιν
1314 1605 1684 1662 περιφερόμενον,
1724 1605 1885 1661 ταύτην

147 1672 198 1711 56
227 1665 450 1722 Ἀντίοχος
479 1668 556 1725 τὴν
587 1672 748 1725 πρᾶςιν
776 1667 995 1714 Ἰουδαίων
1031 1673 1273 1728 κατηγόρει.
1332 1674 1405 1715 καὶ
1436 1671 1536 1722 τοὺς
1562 1668 1814 1726 )Αντιοχεῖς,
1847 1671 1886 1714 εἰ

229 1735 388 1791 καὶμὴ
422 1735 637 1793 πρότερον
670 1735 782 1790 εἶχον
827 1737 940 1793 πρὸς
987 1734 1143 1788 αὐτοῖς
1190 1735 1421 1792 ἀπεχθῶς,
1468 1739 1651 1792 τάχιστα
1696 1742 1749 1794 τῇ
1790 1739 1884 1781 δια-

227 1803 338 1858 βολῇ
377 1802 499 1856 παρὰ
537 1803 615 1861 τὴν
647 1803 691 1846 ἐκ
735 1807 812 1846 τοῦ
851 1805 1173 1862 συμβεβηκότος
1211 1806 1400 1863 ταραχὴν
1444 1804 1722 1859 ὗπαχθέιιτας
1767 1806 1883 1849 πολῖ-

339 1994 568 2029 PAMLVRC
578 1994 949 2039 LatSyrHegesippus
968 1997 1000 2031 V
1018 1999 1057 2030 51
1085 2009 1119 2041 p.
1137 1999 1214 2032 376.
1245 1997 1404 2032 Zonaras
1421 1998 1437 2031 Ι
1460 2008 1494 2041 p.
1512 2001 1588 2032 551.

340 2053 354 2084 1
381 2049 453 2091 ἐπὶ]
478 2049 560 2086 ἐπεὶ
586 2061 628 2084 ex
654 2061 745 2086 corr.
774 2052 799 2085 C
892 2047 1066 2097 ὥρμηντο
1093 2053 1156 2087 AL
1273 2057 1291 2088 2
1317 2054 1489 2103 τιμωρίᾳ]
1516 2067 1555 2090 τε
1581 2056 1739 2100 τιμωρία
1765 2055 1791 2089 C

225 2109 462 2152 παραβαλεῖν
480 2107 516 2140 Μ
587 2104 722 2148 αὐτῶν]
743 2106 888 2143 ἑαυτῶν
906 2109 937 2140 Α
955 2104 990 2143 δ’
1016 2107 1141 2144 αὐτῶν
1159 2109 1184 2142 C
1204 2106 1327 2144 αὐτῶν
1343 2110 1484 2144 Bekkex·
1561 2113 1579 2144 3
1597 2111 1797 2154 (νομίζονΗΙ
1808 2114 1880 2152 τες]

223 2162 314 2196 redit
338 2172 462 2197 manus
487 2163 633 2206 antiqua
655 2163 688 2196 A
759 2164 796 2199 δὲ
821 2173 888 2198 om.
909 2164 934 2197 C
1005 2165 1285 2210 προσεπέτεινε,
1310 2178 1332 2200 σ
1351 2175 1391 2200 ex
1410 2168 1440 2200 δι
1461 2175 1551 2200 corr.
1571 2165 1642 2200 uid.
1660 2165 1692 2199 R
1717 2178 1882 2209 προσεπ·

223 2217 367 2253 ε’τειναν
393 2218 419 2252 C
541 2222 561 2252 4
584 2219 665 2262 μὲν]
691 2219 759 2262 μὲν
785 2213 852 2255 οὖν
876 2220 963 2253 A¹M
1095 2217 1211 2257 αὑτοῦ
1235 2221 1377 2255 Bekker
1507 2225 1525 2255 5
1550 2220 1786 2266 ἐμπαρέχειν]
1810 2222 1881 2265 μὲν

224 2273 401 2318 παρέχειν
419 2274 480 2307 ΡΑ
498 2274 677 2319 παρέχειν
691 2275 761 2309 ML
833 2277 851 2308 6
868 2274 1037 2312 ἐκέλευσε
1055 2276 1081 2310 C
1152 2276 1190 2312 δὲ
1207 2287 1275 2310 om.
1290 2276 1355 2310 VR
1368 2278 1403 2310 et
1419 2278 1509 2310 teste
1522 2275 1758 2311 Herwerdeno
1773 2276 1810 2310 M

224 2325 338 2365 ταύτὸ
366 2330 392 2363 C
485 2333 502 2363 7
529 2327 766 2375 γενήσεσθαι]
791 2334 1017 2376 γεγενῆσθαι
1042 2332 1071 2366 L
1189 2336 1228 2366 10
1251 2334 1432 2377 χαλεπῶσ
1456 2331 1534 2366 A¹O
1627 2330 1822 2378 ἐφεστήκει
1848 2333 1878 2367 L

222 2382 411 2430 ἐφιστήκει
437 2386 463 2419 C
603 2390 638 2420 11
669 2385 788 2422 αὑτοῦ
814 2387 956 2421 Bekker
1071 2389 1255 2429 πολίταις]
1281 2390 1481 2432 πολεμιόισ
1505 2388 1531 2422 C
1645 2385 1775 2434 οἷργεῖν
1798 2389 1878 2435 τὴν]

223 2440 386 2474 MLVRC
398 2442 549 2476 LatZon
573 2439 694 2487 ἀργὴν
719 2443 778 2476 PA
894 2441 963 2479 οὐκ
987 2442 1211 2488 ἐπιτρέπων]
1238 2439 1361 2479 οὐκέτι
1386 2441 1542 2489 πρέπων
1567 2443 1592 2477 C
1711 2447 1750 2479 12
1776 2439 1877 2481 οὕτω

222 2495 315 2530 VRC
410 2499 450 2531 14
474 2501 726 2543 καταλυθῆναι
746 2518 787 2522 --
812 2495 965 2544 ἡμέραν]
992 2500 1235 2544 (um-septimi
1259 2499 1330 2534 diei
1352 2499 1473 2543 feriae
1495 2500 1723 2534 soluerentur
1740 2500 1810 2534 Lat

220 2548 352 2595 α’ργὴν]
379 2549 507 2599 οἷργεῖν
530 2553 590 2586 LO
702 2557 738 2587 15
763 2549 846 2595 κοῖν]
871 2557 935 2590 καὶ
960 2555 1161 2590 PAMLVR
1274 2552 1397 2601 βραχύ
1421 2555 1575 2590 PA¹MR
1691 2558 1731 2590 16
1755 2559 1876 2592 τοιοῦ-

222 2618 288 2641 τον
312 2607 376 2640 AL
466 2606 544 2649 ἐπ’]
569 2608 629 2644 ἐπὶ
653 2611 722 2654 τῆσ
746 2613 843 2650 (τοῖσ
867 2620 910 2644 ex
935 2621 1025 2646 corr.
1050 2610 1089 2653 C)
1115 2610 1282 2646 MLVRC
1377 2614 1415 2646 18
1440 2608 1755 2657 ἐπιχειρήσαντασ
1778 2612 1807 2645 L

221 2662 456 2706 διεξέλθομεν
480 2663 506 2696 Ρ
533 2661 788 2709 διεξήλθομεν,
820 2662 839 2710 ἡ
864 2665 887 2700 i.
913 2676 983 2700 ras.
1009 2668 1042 2701 A
1162 2670 1200 2700 19
1225 2669 1549 2712 καταπρησθῆναι,
1574 2679 1619 2712 ησ
1643 2677 1686 2701 ex
1712 2680 1759 2703 οσ
1783 2678 1873 2702 corr.

220 2729 264 2753 m.
293 2721 310 2752 2
336 2718 365 2752 L
447 2714 560 2764 α’ρχία
585 2719 611 2752 C
700 2723 740 2753 20
767 2719 1166 2765 γραμματοφυλάκιον]
1192 2720 1235 2759 τὸ
1263 2720 1652 2768 γραμματοφυλάκιον
1674 2722 1714 2756 Μ
1736 2736 1875 2769 χαρτο-

221 2770 404 2819 φυλάκιον
437 2773 543 2808 LZon
574 2779 984 2820 γραμματοφυλακεῖον
1015 2777 1081 2812 VR
1217 2773 1426 2824 βασιλικάς]
1460 2775 1634 2823 φυλακὰσ
1669 2778 1695 2812 C
1832 2791 1874 2814 τε

221 2840 288 2864 om.
315 2830 342 2863 P
459 2831 501 2864 23
527 2824 712 2875 α’πεχθιῦσ
736 2829 838 2877 πρὸσ
864 2827 1004 2868 aizoi-a
1028 2834 1072 2866 tr.
1098 2833 1125 2865 P
1240 2831 1409 2878 τάχιστα]
1435 2830 1615 2879 τάχισταν
1639 2833 1666 2867 Ρ
1691 2830 1874 2879 τάχιστὰν

221 2887 252 2920 Α
276 2883 433 2931 τάχιστα
458 2883 504 2921 ἄν
527 2885 557 2919 L
652 2888 693 2919 24
724 2882 790 2931 τὴν
812 2884 854 2922 ἐκ
879 2897 945 2921 om.
972 2887 998 2921 C

1925 871 1960 904 10

1923 1208 1956 1241 15

1917 1549 1955 1582 20
