1987 3246
77 389 129 428 23

78 588 131 626 24

161 140 185 176 8
560 139 626 173 DE
652 139 809 174 BELLO
834 139 931 175 IUD.
956 140 974 174 I
999 142 1130 174 22—27
1155 143 1302 183 (prooem.
1328 144 1449 185 8—11)

162 252 292 308 πάθη
333 250 442 306 μετὰ
476 247 719 306 ἀκριβείας,
760 248 820 301 (ὃς
851 249 968 294 εἶδον
997 245 1025 309 ἢ
1057 252 1245 305 ἔπαθον,
1278 254 1428 309 δίειμι.
1489 251 1587 297 οὐδὲ
1616 254 1696 311 γὰρ
1727 257 1811 298 τῶν

165 318 353 373 ἐμαυτοῦ
379 335 423 360 τι
451 321 687 374 συμφορῶν
717 314 1037 373 ἀποκρύψομαι
1065 321 1235 373 μέλλων
1264 338 1311 376 γε
1341 322 1454 376 πρὸς
1485 322 1657 373 εἰδότας
1688 322 1810 376 ἐρεῖν.

274 389 312 427 9.
332 380 513 427 ’Ἐπί-κθ)
550 381 610 434 (ὗς
639 382 720 441 ἤδη
750 385 1002 439 καμνόντων
1027 381 1256 437 Ἰουδαίοις
1285 391 1372 431 τῶν
1402 389 1672 447 πραγμάτων
1702 389 1811 445 θνή-

163 467 255 494 σκει
293 452 372 505 μὲν
411 454 586 506 Νέρων,
639 448 977 502 Οὐεσπασιανὸς
1017 452 1062 494 δὲ
1102 452 1175 495 ἐπὶ
1213 451 1522 511 Ἱεροσολύμων
1561 454 1812 514 ὡρμημένος

163 517 250 561 ὑπὸ
287 520 364 575 τῆς
393 515 625 574 ἡγεμονίας
656 518 936 562 ἀνθέλκεται·
975 519 1030 561 τά
1060 536 1107 562 τε
1136 520 1345 575 γενόμενα
1375 525 1478 578 περὶ
1507 524 1667 580 ταύτης
1697 520 1814 579 αὐτῷ
1845 533 1856 540 ’

164 593 323 643 σημεῖα
366 587 439 628 καὶ
482 584 563 636 τὰς
601 586 676 630 ἐπὶ
711 584 872 643 Ῥώμης
911 587 1179 640 μεταβολάς,
1223 590 1295 630 καὶ
1336 586 1395 639 ὥς
1434 586 1564 641 αὐτὸς
1601 588 1686 633 ὑπὸ
1726 593 1812 633 τῶν

161 655 441 708 στρατιωτῶν
481 650 596 697 ἄκων
635 649 914 709 αὐτοκράτωρ
955 649 1288 706 ἀποδείκνυται,
1334 658 1405 698 καὶ
1445 654 1813 715 ἀποχωρήσαντος

164 719 240 762 ἐπὶ
286 719 499 777 διοικήσει
541 723 628 764 τῶν
671 716 784 764 ὅλων
831 721 893 771 εἷς
936 720 1013 778 τὴν
1051 722 1287 777 Αἴγυπτον
1326 722 1600 781 ἐστασιάσθη
1638 723 1692 766 τὰ
1728 726 1814 766 τῶν

157 783 400 839 Ἰουδαίων,
458 782 582 837 ὅπως
625 804 672 830 τε
717 787 1018 846 ἐπανέστησαν
1066 785 1214 839 αὐτοῖς
1260 790 1302 833 οἱ
1345 790 1569 845 τύραννοι,
1621 793 1693 834 καὶ
1736 790 1815 842 τὰς

161 853 327 896 τούτων
358 853 473 909 πρὸς
504 850 716 910 ἀλλήλους
747 856 978 913 διαφοράς.

279 935 344 975 10.
383 934 471 975 Καὶ
510 929 568 983 ὥς
607 931 717 988 ἄρας
755 930 844 977 ἀπὸ
877 936 954 992 τῆς
983 934 1219 990 Αἰγύπτου
1257 939 1386 985 Τίτος
1417 935 1616 991 δεύτερον
1646 935 1709 985 εἰς
1737 935 1816 990 τὴν

162 998 310 1054 χώραν
351 998 572 1053 ἐνέβαλεν,
621 996 745 1051 ὅπως
781 1017 828 1043 τε
865 1001 944 1051 τὰς
983 1001 1188 1055 δυνάμεις
1225 1004 1297 1044 καὶ
1340 997 1454 1045 ὅπου
1496 1003 1705 1060 συνήγαγε
1743 1005 1815 1046 καὶ

163 1063 350 1118 ὁπόσας,
381 1068 452 1109 καὶ
476 1067 600 1118 ὅπως
622 1068 666 1110 ἐκ
686 1071 761 1126 τῆς
784 1065 980 1119 στάσεως
999 1066 1023 1127 ἡ
1046 1069 1179 1119 πόλις
1206 1069 1390 1112 διέκειτο
1421 1070 1640 1125 παρόντος
1671 1066 1815 1122 αὐτοῦ,

166 1133 421 1188 προσβολάς
451 1150 498 1176 τε
529 1129 637 1185 ὅσας
667 1135 909 1191 ἐποιήσατο
940 1138 1011 1178 καὶ
1044 1133 1192 1179 ὁπόσα
1226 1137 1430 1190 χώματα,
1470 1137 1731 1192 περιβόλους
1769 1154 1817 1180 τε

162 1203 250 1242 τῶν
270 1203 402 1255 τριῶν
425 1204 579 1254 τειχῶν
609 1205 682 1246 καὶ
711 1202 766 1245 τὰ
795 1207 934 1259 μέτρα
963 1203 1140 1255 τούτων,
1171 1203 1248 1261 τήν
1278 1221 1325 1246 τε
1354 1207 1432 1260 τῆς
1461 1201 1634 1254 πόλεως
1663 1201 1816 1260 ὀχυρό-

166 1285 276 1325 τητα
319 1270 392 1311 καὶ
430 1271 507 1311 τοῦ
547 1269 663 1324 ἱεροῦ
702 1271 772 1312 καὶ
812 1273 889 1312 τοῦ
927 1273 1033 1312 ναοῦ
1072 1270 1149 1324 τὴν
1188 1270 1413 1323 διάθεσιν,
1461 1271 1526 1314 ἔτι
1567 1272 1613 1314 δὲ
1651 1271 1817 1314 τούτων

164 1336 237 1377 καὶ
274 1338 352 1378 τοῦ
390 1338 542 1389 βωμοῦ
580 1335 634 1377 τὰ
673 1340 811 1390 μέτρα
850 1337 997 1380 πάντα
1035 1333 1131 1391 μετ>
1177 1333 1419 1392 ἀκριβείας,
1461 1338 1543 1395 ἐ’θή
1579 1355 1626 1381 τε
1655 1338 1818 1391 ἑορτῶν

166 1402 260 1445 ἔνια
296 1404 369 1445 καὶ
408 1401 488 1452 τὰς
527 1401 640 1444 ἑπτὰ
683 1402 857 1459 ἁγνείας
894 1406 967 1447 καὶ
1006 1403 1086 1454 τὰς
1122 1406 1208 1446 τῶν
1241 1405 1390 1459 ἱερέων
1422 1406 1712 1461 λειτουργίας,
1754 1406 1817 1449 ἔτι

166 1470 213 1512 δὲ
251 1468 331 1519 τὰς
370 1469 562 1525 ἐσθῆτας
601 1472 687 1512 τῶν
727 1471 876 1525 ἱερέων
915 1473 986 1514 καὶ
1025 1473 1102 1513 τοῦ
1143 1467 1395 1527 ἀρχιερέως,
1434 1474 1507 1514 καὶ
1538 1472 1631 1515 οἷον
1661 1464 1712 1527 ἦν
1742 1475 1819 1515 τοῦ

166 1539 273 1579 ναοῦ
309 1535 358 1579 τὸ
401 1532 543 1592 ὁῖγιον,
584 1536 708 1580 οὐδὲν
749 1535 847 1581 οἶῖτε
878 1534 1270 1593 ἀποκρυπτόμενος
1301 1535 1400 1581 οὔτε
1431 1541 1696 1593 προστιθεὶς
1725 1548 1819 1589 τοῖς

165 1607 518 1660 πεφωραμένοις.

282 1687 345 1724 11.
368 1679 551 1725 Ἔπειτα
573 1682 757 1737 διέξειμι
778 1684 854 1741 τήν
876 1701 921 1726 τε
943 1686 1027 1726 τῶν
1048 1683 1268 1739 τυράννων
1296 1683 1411 1737 πρὸς
1440 1683 1541 1734 τοὺς
1571 1682 1821 1741 ὁμοφύλους

168 1745 375 1806 ὠμότητα
394 1751 467 1792 καὶ
487 1748 564 1806 τὴν
580 1747 801 1804 Ῥωμαίων
823 1750 962 1807 φειδώ
986 1750 1100 1806 πρὸς
1124 1750 1226 1800 τοὺς
1257 1747 1544 1808 ἀλλοφύλους,
1575 1753 1647 1794 καὶ
1669 1749 1822 1802 ὁσάκις

172 1820 303 1867 Τίτος
342 1819 484 1859 σῶσαι
521 1816 599 1874 τὴν
638 1818 771 1860 πόλιν
809 1821 879 1861 καὶ
918 1818 993 1861 τὸν
1033 1818 1138 1861 ναὸν
1170 1819 1404 1873 ἐπιθυμῶν
1437 1817 1512 1861 ἐπὶ
1545 1817 1689 1869 δεξιὰς
1718 1817 1820 1868 τοὺς

281 1994 561 2029 AMLVNCLat

281 2053 295 2084 1
327 2046 412 2094 μετ’
446 2051 472 2085 C
619 2054 638 2085 2
670 2054 722 2097 γε]
759 2064 798 2086 τε
831 2052 863 2084 A
956 2054 974 2085 3
1007 2049 1136 2088 ἔπειτα
1160 2052 1226 2087 LN
1319 2053 1511 2089 ἰουδαίουσ
1535 2052 1562 2087 C
1659 2053 1684 2087 i.
1710 2063 1819 2097 marg.

168 2103 200 2141 δ’
227 2106 301 2141 MV
416 2109 437 2140 4
461 2102 500 2142 δ’
526 2106 553 2141 C
669 2109 687 2139 5
715 2103 937 2143 ἀνθέλκεται
961 2104 1035 2144 ὑπὸ
1062 2111 1131 2154 τῆσ
1154 2110 1362 2155 ἡγεμονίασ
1385 2113 1430 2143 tr.
1454 2108 1493 2142 M
1632 2111 1651 2143 6
1669 2105 1820 2155 Ῥώμης]

169 2164 239 2207 τῆσ
264 2159 395 2208 ῥώμησ
419 2162 450 2196 L
564 2160 792 2209 μεταβολάς]
816 2161 1051 2209 καταβάσεισ
1075 2164 1204 2199 LVNC
1228 2165 1445 2200 mutationes
1468 2164 1537 2198 Lat
1618 2168 1635 2198 7
1661 2167 1735 2206 καὶ]
1759 2167 1823 2201 καὶ

170 2215 308 2254 τούτου
323 2219 394 2252 AM
411 2220 474 2254 καὶ
492 2214 548 2254 (ὁσ
563 2218 629 2254 LN
644 2220 707 2254 καὶ
725 2216 781 2254 ὠσ
803 2218 942 2255 τούτου
957 2219 1018 2254 Vc
1112 2223 1130 2255 8
1147 2218 1355 2266 ἕστασιάθη
1371 2221 1403 2254 Α
1426 2217 1658 2266 ἐστασιάσθη
1682 2219 1823 2262 (ἐστασι

169 2274 192 2309 i.
227 2284 296 2309 ras.
322 2285 368 2309 m.
395 2277 428 2316 2)
453 2274 480 2309 C
572 2276 649 2309 τῶν
672 2284 740 2308 om.
765 2274 932 2309 MLVNO
1025 2278 1044 2309 9
1069 2275 1339 2322 ἐπανέστησαν]
1364 2277 1450 2322 περὶ
1473 2271 1682 2322 ἀνέστησαν
1707 2275 1733 2310 C

173 2333 213 2363 10
238 2330 261 2365 i.
280 2340 387 2373 marg.
406 2328 434 2366 ε’
453 2330 525 2365 MV
597 2333 637 2364 12
664 2323 818 2366 ὅπου-
834 2323 950 2372 ὅπως]
975 2341 1047 2376 quo
1072 2331 1108 2365 in
1126 2331 1203 2366 loco
1228 2332 1506 2377 conqreqauerc'c
1530 2332 1589 2366 uel
1611 2331 1768 2377 qualiter
1790 2336 1826 2367 et

173 2386 337 2430 quotiens
361 2386 430 2420 Lat
502 2388 541 2420 13
561 2382 720 2427 ὁπόσας]
747 2382 875 2422 ὁπόσα
899 2387 931 2419 Α
955 2385 1085 2422 πόσασ
1107 2386 1175 2421 VN
1199 2386 1365 2424 ποσάκισ
1389 2387 1416 2421 C
1490 2391 1528 2422 14
1555 2383 1694 2429 ὁπόσα]
1720 2384 1823 2424 πόσα

172 2440 340 2475 MLVNO
433 2438 672 2489 περιβόλους]
695 2444 759 2477 καὶ
784 2442 1017 2489 περιβόλουσ
1039 2442 1103 2477 LV
1193 2443 1215 2477 i.
1240 2453 1349 2486 marg.
1378 2441 1413 2485 ς’
1439 2443 1477 2476 Μ
1569 2446 1621 2485 τε]
1647 2443 1685 2479 δὲ
1708 2445 1739 2477 Α

176 2499 215 2531 16
229 2494 296 2542 τὴν
309 2508 377 2533 om.
392 2497 489 2532 LVN
530 2494 686 2538 τούτων]
700 2499 763 2533 καὶ
777 2496 922 2533 τούτων
935 2497 1103 2533 MLVNC
1119 2497 1201 2532 fort.
1218 2502 1314 2533 recte
1356 2502 1394 2532 17
1409 2495 1455 2534 τὰ
1473 2501 1542 2534 τοῦ
1555 2501 1690 2544 βωμοῦ
1705 2498 1824 2545 μέτρα

173 2556 217 2586 tr.
243 2552 313 2587 AM
405 2549 499 2597 μετὰ
524 2552 629 2587 MLV
725 2556 764 2588 18
789 2552 933 2598 ἱερέων]
959 2552 1072 2600 ἱερῶν
1093 2552 1167 2587 AM
1190 2554 1418 2588 sacerdotum
1441 2554 1512 2588 Lat
1616 2557 1655 2588 19
1680 2552 1822 2599 ἱερέων]

174 2606 382 2655 ἀρχιερέων
400 2609 587 2652 LVNLat3
615 2608 659 2643 cf.
679 2608 711 2644 V
729 2611 793 2644 228
808 2619 849 2653 sq
863 2613 908 2651 (5,
927 2613 959 2650 7)
1029 2612 1070 2643 19
1086 2611 1149 2644 καὶ
1174 2611 1242 2644 τοῦ
1266 2608 1473 2655 ἀρχιερέως
1495 2619 1563 2643 om.
1588 2609 1758 2644 LVNLat

169 2666 288 2699 καὶ-
307 2658 416 2710 ἅγιον
441 2676 474 2699 u.
505 2667 544 2698 16
577 2668 660 2708 post
691 2663 860 2702 διάθεσιν
882 2670 926 2701 tr.
951 2665 1141 2709 Destinon;
1175 2664 1221 2699 cf.
1247 2665 1278 2699 V
1306 2668 1369 2699 190
1385 2676 1424 2709 sq
1527 2667 1568 2699 20
1594 2670 1675 2707 τοῖς
1699 2678 1825 2710 πεφω-

1366 2734 1418 2756 πα
1447 2735 1470 2756 α

172 2763 349 2809 ραμένοις
365 2775 433 2798 om.
451 2765 521 2798 Lat
603 2767 643 2798 22
661 2764 683 2798 i.
701 2774 809 2808 marg.
829 2761 859 2808 ζ’
876 2763 947 2798 MV
1005 2764 1167 2809 διέξειμι
1185 2764 1211 2799 Ο
1270 2768 1357 2807 τῶν]
1382 2733 1468 2811 nezi
1491 2767 1568 2801 τῶν
1584 2767 1625 2805 (s,
1643 2775 1689 2798 m.
1705 2767 1736 2806 2)
1749 2765 1782 2797 A

171 2816 270 2864 πρὸς
294 2816 382 2861 τοὺς
403 2818 618 2865 ὁμοφύλους
635 2830 703 2854 om.
721 2819 747 2854 C
818 2822 859 2854 23
885 2817 1065 2864 ‹pad'de
1081 2817 1185 2868 πρὸσ
1209 2817 1297 2862 τοὺς
1320 2817 1555 2866 ἀλλοφύλους
1578 2823 1782 2865 suspectum

172 2871 260 2916 τοὺς
284 2885 352 2909 om.
375 2875 407 2910 V
501 2877 542 2909 24
568 2877 699 2910 σῶισαι
727 2876 758 2910 V
851 2873 982 2918 δεξιὰς]
1007 2874 1078 2913 τὰσ
1103 2873 1226 2918 δεξιὰσ
1248 2876 1280 2910 Ν

1842 543 1860 564 0

1844 869 1880 901 10

1847 1215 1884 1247 15
