1987 3246
188 162 237 196 IV
915 157 1105 192 Praefatio.

190 275 460 327 antiquitates
491 271 699 325 prodiisse
730 275 891 312 constet
925 270 1159 324 imperante
1190 271 1430 314 Domitiano
1461 285 1570 314 anno
1602 286 1641 326 p.
1664 270 1760 314 Chr.
1784 272 1836 312 93

189 345 262 383 aut
283 343 348 391 94,
381 338 481 380 belli
503 337 678 378 historia
699 335 948 389 Vespasiani
969 337 1226 389 temporibus
1258 338 1448 380 confecta
1470 342 1551 390 est;
1584 341 1838 380 memoratur

191 408 300 449 enim
322 407 364 447 in
386 418 437 447 ea
457 404 660 457 templum
682 403 805 444 Pacis
825 401 866 456 ¹),
899 402 1011 455 quod
1034 402 1274 445 dedicatum
1306 408 1369 446 est
1398 418 1507 447 anno
1540 408 1590 446 75
1621 419 1661 458 p.
1684 404 1779 447 Chr.
1796 406 1838 453 2).

190 472 344 515 deinde
384 485 478 513 cum
507 469 712 524 Iosephus
744 470 834 523 ipse
866 469 980 511 dieat
1017 482 1062 512 se
1093 469 1352 523 Vespasiano
1391 474 1432 512 et
1461 471 1557 513 Tito
1589 485 1681 514 eam
1712 471 1838 513 tradi-

191 540 303 582 disse
318 541 363 591 3)‚
403 551 496 580 eam
527 537 684 580 editam
717 550 808 580 esse
839 536 1027 590 sequitur
1056 537 1280 589 superstite
1311 537 1593 592 Vespasiano,
1634 539 1705 592 qui
1737 539 1841 580 obiit

190 606 311 648 VIIII
333 605 375 647 k.
394 604 524 647 Iulias
546 617 655 645 anno
680 606 730 645 79
748 617 787 658 p.
807 602 903 645 Chr.
919 605 961 651 4).
1014 615 1108 645 cum
1130 606 1270 644 autem
1290 603 1494 657 Iosephus
1517 606 1558 647 in
1579 605 1795 659 prooemio
1811 607 1841 652 5)

194 685 337 714 omnes
369 672 440 725 qui
476 671 576 713 belli
607 670 768 713 Iudaici
808 669 1027 712 historiam
1068 674 1164 712 ante
1206 669 1470 712 condiderint
1511 673 1696 725 grauiter
1733 672 1840 713 uitu-

192 744 322 793 peret‚
353 742 531 792 apparet
552 737 658 780 haec
684 738 841 791 scripta
872 750 964 780 esse
985 742 1211 790 antequam
1235 737 1273 778 ei
1296 739 1583 780 commentarii
1606 739 1844 792 ederentur,

196 819 299 859 quos
321 805 606 859 Vespasianus
627 805 719 858 ipse
740 805 965 859 scripserat
980 805 1022 857 ⁰),
1055 804 1126 857 qui
1155 804 1191 846 si
1215 808 1312 846 tunc
1334 805 1583 858 extitissent,
1604 806 1843 848 necessario

194 886 220 915 a
249 872 453 926 Iosepho,
494 871 743 925 Vespasiani
781 872 932 913 liberto
970 876 1011 913 et
1040 872 1259 924 familiari,
1301 872 1552 924 excipiendi⁴
1573 876 1702 914 erant.
1762 885 1844 925 quo

196 939 374 982 efficitur
403 939 619 992 aliquanto
649 942 745 980 ante
769 939 1033 992 imperatoris
1066 943 1240 981 mortem
1274 939 1375 981 belli
1396 939 1558 981 Iudaici
1588 939 1717 981 libros
1749 952 1844 981 con-

192 1007 325 1049 fectos
356 1009 507 1056 esse7).
559 1019 663 1059 quos
686 1019 779 1048 cum
808 1006 1090 1048 conscriberet
1120 1006 1211 1059 ipse
1232 1005 1438 1060 Iosephus
1467 1007 1621 1049 fatetur
1651 1020 1696 1049 se
1727 1019 1847 1048 usum

194 1086 286 1116 esse
326 1086 456 1126 opera
496 1073 708 1115 hominum
739 1072 927 1114 Graecae
967 1073 1136 1125 linguae
1177 1077 1219 1115 et
1257 1074 1523 1127 eloquentiae
1560 1074 1789 1128 peritorum
1804 1075 1847 1127 8),

193 1141 263 1194 qui
293 1140 458 1182 fuerunt
479 1141 567 1182 sine
600 1140 728 1182 dubio
758 1139 947 1181 rhetores
978 1139 1144 1182 Graeci.
1204 1139 1353 1182 horum
1385 1141 1512 1193 igitur
1542 1153 1634 1183 esse
1666 1140 1845 1193 uidetur,

196 1207 309 1261 quod
354 1221 463 1250 nunc
506 1208 548 1249 in
595 1207 658 1249 his
697 1206 814 1249 libris
856 1206 997 1248 omnia
1034 1211 1123 1249 arte
1162 1207 1371 1261 perpolita
1411 1208 1688 1260 oratoriisque
1728 1219 1847 1249 orna·

192 1275 344 1317 mentis
365 1275 565 1316 instructa
595 1273 800 1326 uidemus,
832 1286 942 1326 quae
972 1278 1016 1315 ut
1046 1274 1230 1316 maxime
1255 1274 1472 1315 abundant
1502 1275 1543 1315 in
1576 1274 1846 1326 orationibus,

194 1342 254 1383 ita
282 1353 335 1382 ne
366 1354 391 1382 a
423 1341 572 1382 ceteris
604 1340 774 1393 quidem
806 1340 970 1382 absunt.
1030 1341 1171 1382 multis
1203 1341 1314 1383 enim
1345 1339 1516 1383 floribus
1558 1341 1755 1383 distincta
1787 1344 1850 1383 est

196 1408 328 1450 oratio
342 1407 534 1460 Iosephi;
553 1407 768 1449 adamauit
784 1407 990 1449 uocabula
1006 1406 1164 1449 rariora
1180 1412 1252 1449 aut
1268 1409 1404 1461 poetis
1422 1413 1633 1462 usurpata,
1652 1409 1848 1462 frequens

195 1479 257 1517 est
287 1488 385 1517 usus
425 1474 655 1527 imaginum
699 1473 898 1516 similium
939 1475 1257 1516 translationum
1288 1475 1609 1527 sententiarum,
1647 1488 1725 1517 nee
1755 1487 1849 1516 raro

198 1543 386 1584 oratione
417 1542 576 1583 maiore
607 1541 756 1595 spiritu
788 1540 931 1583 inflata
962 1545 1034 1583 aut
1075 1542 1179 1583 iram
1217 1547 1290 1584 aut
1326 1542 1638 1584 miserationem
1669 1555 1850 1584 eommo-

197 1622 297 1651 uere
328 1608 479 1650 studet.
543 1621 644 1650 sane
676 1607 845 1662 Iosephi
876 1622 944 1650 ars
975 1622 1057 1650 non
1096 1613 1160 1651 est
1189 1609 1375 1662 perfecta
1405 1622 1482 1651 nec
1512 1610 1636 1652 nimis
1666 1609 1850 1662 uariata;

196 1689 292 1718 nam
314 1688 442 1729 saepe
464 1674 613 1717 eadem
646 1675 833 1729 redeunt,
864 1680 909 1717 ut
930 1675 1077 1718 uideas
1098 1689 1181 1718 non
1212 1680 1349 1718 tantas
1370 1676 1499 1719 fuisse
1530 1677 1707 1719 oratoris
1738 1676 1851 1718 illius

198 1743 361 1797 copias,
408 1747 454 1784 ut
492 1746 654 1796 septem
694 1743 910 1784 uolumina
957 1744 1171 1797 impleret,
1216 1749 1356 1786 tamen
1404 1744 1533 1797 digna
1579 1747 1642 1786 est
1680 1756 1787 1796 quae
1826 1756 1852 1784 a

198 1811 332 1864 perito
356 1809 524 1851 homine
545 1811 860 1863 pe1·quiratu1·‘³).
902 1810 982 1853 hoc
1003 1824 1170 1865 quoque
1191 1810 1506 1854 memorandum
1527 1815 1601 1862 est,
1623 1811 1747 1863 longe
1767 1810 1852 1852 alio

202 1889 356 1930 genere
387 1876 555 1918 dicendi
587 1876 812 1930 Iosephum
844 1879 903 1919 uti
935 1878 977 1919 in
1008 1879 1119 1921 bello
1150 1877 1323 1921 Iudaico
1353 1879 1438 1920 alio
1469 1879 1510 1919 in
1531 1876 1852 1930 antiquitatibus

207 1948 248 1985 et
286 1944 326 1984 in
366 1944 484 1985 libris
532 1948 677 1985 eontra
716 1944 944 1998 Apionem;
991 1945 1103 1999 quod
1149 1946 1273 1988 facile
1314 1944 1412 1987 inde
1458 1945 1692 1998 explicatur
1738 1942 1850 1996 quod

321 2056 352 2094 1)
376 2052 458 2087 bell.
484 2052 561 2087 Iud.
587 2053 653 2088 VII
673 2056 733 2088 158
744 2064 795 2097 sq.
911 2058 944 2096 2)
967 2055 1034 2089 Dio
1062 2054 1159 2089 Cass.
1184 2054 1335 2089 LXXVI
1362 2057 1412 2088 15.
1518 2056 1550 2095 3)
1573 2053 1647 2087 uita
1670 2052 1740 2087 Ios.
1767 2054 1824 2085 361
1846 2064 1853 2095 ;

204 2112 297 2143 cont.
323 2110 391 2151 Ap.
416 2108 432 2141 Ι
451 2112 504 2142 50.
657 2113 688 2147 4)
715 2110 859 2144 Sueton.
885 2111 994 2154 Vesp.
1019 2113 1062 2144 24
1199 2115 1231 2151 5)
1256 2111 1296 2144 B.
1314 2110 1341 2144 1.
1367 2109 1477 2152 Ilsq.
1498 2112 1514 2142 7
1531 2119 1583 2153 sq.
1737 2111 1769 2149 6)
1793 2109 1855 2152 qui

203 2166 444 2199 memorantur
468 2165 530 2198 uit.
555 2164 624 2199 Ios.
644 2168 727 2209 3423
752 2168 829 2200 358.
981 2170 1013 2206 7)
1037 2167 1128 2202 idem
1152 2167 1304 2201 fortasse
1330 2164 1446 2208 colligi
1469 2168 1588 2208 potest
1612 2174 1655 2198 ex
1678 2164 1855 2198 mentione

207 2220 380 2254 Caecinae
420 2220 482 2260 (IV
513 2224 611 2262 644),
647 2231 737 2265 qnae
773 2221 908 2265 scripta
942 2232 1020 2257 esse
1055 2222 1167 2257 uideri
1201 2225 1319 2265 potest
1353 2223 1435 2255 ante
1469 2225 1617 2255 mortem
1654 2220 1741 2254 eius.
1797 2220 1856 2262 qui

203 2286 299 2310 anno
338 2278 379 2309 79
415 2287 450 2320 p.
488 2276 570 2311 Chr.
608 2288 629 2311 a
665 2277 746 2312 Tito
789 2276 996 2312 interfectus
1032 2280 1100 2320 est,
1144 2278 1236 2321 quod
1271 2277 1491 2321 Vespasiano
1530 2276 1676 2311 insidias
1712 2276 1856 2310 fecisset

207 2331 287 2372 (Dio
322 2332 423 2367 Cass.
456 2332 609 2367 LXXVI
644 2336 702 2376 16,
734 2335 765 2366 3.
820 2333 963 2367 Sueton.
995 2333 1065 2367 Tit.
1099 2336 1143 2375 6).
1304 2336 1322 2366 8
1348 2335 1431 2366 cont
1457 2334 1525 2376 Ap.
1551 2332 1567 2365 I
1593 2336 1650 2374 503
1685 2332 1730 2366 cf.
1756 2333 1799 2365 A.
1825 2331 1852 2364 Ι.

204 2388 272 2421 XX
297 2391 374 2423 263.
469 2391 502 2430 9)
526 2389 642 2429 uelut,
675 2391 715 2422 ut
739 2398 855 2432 pauca
878 2388 1037 2432 exempla
1061 2388 1301 2432 proferantur,
1332 2389 1443 2424 uerba
1466 2389 1606 2432 poetico
1632 2397 1728 2422 more
1751 2397 1855 2421 usur-

207 2447 291 2487 pata
326 2447 409 2478 sunt
445 2441 670 2489 φερώνυμον
705 2439 855 2485 Ἰουλίας
889 2455 923 2488 p.
963 2447 1041 2486 187,
1075 2447 1112 2486 43
1148 2441 1315 2489 ἄπληγας
1346 2447 1428 2484 206,
1463 2447 1521 2487 2ος
1557 2440 1856 2488 ἐπαλινδρόμουν

209 2502 349 2542 277,1;
380 2499 467 2535 νέον
491 2499 539 2540 (h.
565 2509 596 2533 e.
621 2510 754 2544 nuper,
787 2499 904 2539 modo)
931 2503 1093 2542 307,12;
1119 2503 1196 2543 434,
1221 2504 1252 2535 4.
1299 2499 1441 2536 ἐπαΐων
1465 2510 1498 2543 p.
1526 2502 1686 2543 5os,12;
1719 2499 1854 2534 κέκλω-

207 2566 290 2589 σται
316 2557 473 2596 519,13.
513 2554 746 2589 insolentiola
776 2557 859 2589 sunt
884 2555 986 2590 haec:
1021 2559 1353 2602 τῑμβωρυχοῦντες
1382 2553 1450 2598 τὰς
1474 2554 1596 2597 οἰκίας
1621 2559 1696 2597 505,
1722 2558 1757 2598 23
1791 2566 1856 2600 ψυ-

206 2608 386 2656 χρότεροι
412 2613 476 2655 τῆς
499 2609 650 2652 ἐλπίδος
675 2613 749 2652 515,
776 2613 814 2654 83
845 2609 1124 2656 ἐκριπιζόμενοι
1154 2614 1199 2657 τῆ
1231 2610 1319 2657 τύχῃ
1345 2615 1487 2654 274,18
1513 2613 1570 2654 (cf.
1598 2614 1673 2653 218,
1692 2614 1762 2654 26);
1788 2612 1856 2646 τοῦ

206 2664 374 2709 πολέμου
397 2687 440 2691 -—
465 2659 815 2708 α’ντιπολίζοντος
802 2665 938 2702 εαυτόν
962 2670 1127 2708 444,13·
1159 2663 1226 2703 οὐκ
1255 2669 1299 2712 ἠν
1330 2666 1443 2714 φειδὼ
1476 2682 1562 2711 τοις
1586 2670 1654 2703 τοῦ
1678 2669 1744 2712 ζῆι
1768 2662 1856 2710 α’(ρε-

209 2721 339 2756 λέσθαι
359 2717 596 2765 σταλαγμους
612 2723 687 2761 493,
707 2723 758 2762 15,
784 2722 911 2765 quibus
929 2722 1089 2757 similiter
1104 2723 1191 2758 dicit
1206 2722 1251 2760 τὰ
1270 2722 1491 2771 ταλαίπωρα
1508 2728 1572 2770 τῆς
1588 2725 1706 2769 ψυχῆς
1725 2719 1857 2768 ἐφόδια

205 2787 240 2820 p.
260 2780 336 2818 538,
354 2781 385 2812 9.
427 2778 463 2811 in
480 2775 653 2810 similibus
671 2776 820 2810 maxime
837 2777 1016 2813 adamauit
1034 2780 1128 2814 ieras
1146 2779 1297 2823 bestias3
1323 2778 1402 2812 uide
1415 2778 1467 2812 III
1486 2781 1570 2821 3853
1596 2779 1646 2813 IV
1664 2781 1747 2821 3263
1773 2781 1856 2821 425;

206 2831 289 2918 5403
313 2829 346 2863 V
363 2833 399 2872 43
427 2832 478 2864 85.
520 2831 551 2865 si
568 2831 707 2875 quaeris
724 2832 824 2867 locos
844 2834 1000 2868 oratoria
1024 2835 1114 2869 mole
1139 2835 1302 2878 insignes,
1327 2835 1452 2869 euolue
1475 2834 1526 2870 IV
1547 2837 1623 2877 122;
1649 2836 1731 2877 3253
1757 2833 1790 2867 V
1818 2837 1856 2868 19

205 2894 373 2929 aiosque.
