2018 3236
259 156 340 192 382
667 153 733 186 DE
759 153 918 188 BELLO
943 153 1039 188 IUD.
1065 154 1116 188 IV
1142 155 1318 189 263-270
1343 157 1390 197 (lv
1417 161 1445 188 3.
1473 158 1505 198 4)

258 267 410 316 πόλεις
450 264 698 320 συγκρούειν
736 266 806 306 καὶ
847 264 956 307 κατὰ
993 267 1078 307 τῶν
1119 265 1376 321 σπλάγχνων
1423 269 1509 309 τιῦν
1541 267 1665 310 ἰδίων
1694 268 1743 310 τι)
1778 269 1908 319 ἔθνος

148 339 227 377 264
260 334 578 387 στρατολογεῖν.
636 327 744 373 άνθ)
789 328 849 374 ιῧν
886 331 935 374 τὸ
976 333 1054 386 μὲν
1092 332 1324 375 κάλλιστον
1359 335 1429 375 καὶ
1463 337 1657 389 πρέπον,
1699 333 1756 385 ὡς
1787 336 1907 393 ἐ’φην,

257 398 357 454 ’ὑμῖν
380 399 647 454 συνεξαιρεῖν
668 398 769 449 rozi-g
799 395 1050 455 ἀλιτηρίους
1080 401 1153 442 καὶ
1182 397 1294 452 ὑπὲρ
1327 396 1456 456 αὐτῆς
1486 404 1562 457 τῆς
1595 399 1767 458 ἀπάτης
1799 398 1908 455 ἆμυ-

257 469 472 520 νομένους,
506 461 572 508 ὅτι
597 466 846 520 συμμάχους
869 465 1113 523 ἐτόλμησαν
1133 468 1278 510 καλεῖν
1301 466 1374 517 οἳς
1403 468 1491 511 ἔδει
1521 468 1738 524 τιμωροὺς
1771 469 1908 511 δεδιέ-

261 551 331 576 ναι
346 546 355 553 ·
388 533 426 575 εἰ
449 533 494 575 δὲ
518 533 719 576 αἰδεῖσθε
741 532 820 583 τὰς
841 535 927 575 τῶν
948 533 1160 576 τοιούτων
1183 533 1444 590 ἐπικλήσεις,
1478 531 1590 578 ἄλλά·
1618 552 1689 578 τοι
1719 535 1908 591 πάρεστι
1937 550 1956 581 5

257 603 464 653 θεμένοις
501 599 555 642 τὰ
588 595 707 643 ὅπλα
736 603 806 642 καὶ
840 602 1146 657 παρελθοῦσιν
1177 601 1239 651 εἰς
1269 602 1345 659 τὴν
1377 602 1510 645 πόλιν
1542 603 1728 659 σχήματι
1760 618 1908 657 συγγε-

256 669 341 708 νῶν
364 663 598 720 ἀναλαβεῖν
620 667 668 710 τὸ
692 671 827 721 μέσον
850 668 1086 722 συμμάχων
1106 684 1154 710 τε
1173 670 1244 710 καὶ
1276 670 1502 723 πολεμίων
1533 666 1672 723 ὄνομα
1704 668 1911 719 δικαστὰς

255 737 520 788 γενολιιένους.
560 738 705 777 καίτοι
722 736 976 790 λογίσασθε,
996 735 1137 779 πόσον
1152 737 1435 794 κερδήσουσιν
1453 732 1525 793 ἐφ’
1547 734 1911 792 ὁμολογουμένοις

255 803 327 842 καὶ
366 801 638 858 τηλικούτοις
675 802 922 857 κρινόμενοι
962 800 1072 856 παρ’
1110 801 1213 858 ὑμῖν
1245 805 1287 846 οἱ
1317 813 1409 854 τοῖς
1441 799 1772 854 ἀκαταιτιάτοις
1801 804 1911 861 μηδὲ

256 868 384 923 λόγου
401 868 683 922 μεταδόντες·
708 871 1048 924 λαμβανέτωσαν
1071 867 1109 912 δ’
1137 862 1211 913 οὖν
1231 871 1391 928 ταύτην
1413 870 1456 913 ἐκ
1477 873 1552 927 τῆς
1569 868 1777 927 ὑμετέρας
1800 867 1906 926 άφί-
1937 885 1973 918 10

144 941 222 980 267
255 934 360 985 ξεως
381 934 457 991 τὴν
475 936 615 991 χάριν.
668 937 705 979 εἰ
735 934 774 979 δ)
813 935 910 980 οὔτε
942 948 1275 993 συναγανακτεῖν
1305 936 1408 996 ἡμῖν
1440 935 1538 980 οὔτε
1566 942 1799 993 κρίνεσθαι
1830 939 1907 990 δεῖ,

253 1006 400 1055 τρίτον
433 1002 525 1045 ἐστὶ
556 1005 815 1047 καταλιπεῖν
846 1004 1075 1060 ἑκατέρους
1103 1008 1176 1048 καὶ
1206 1005 1315 1063 μήτε
1344 1015 1441 1055 ταῖς
1470 1003 1700 1064 ἡμετέραις
1731 1006 1908 1061 ἐπιβαί-

255 1086 342 1112 νειν
367 1080 616 1127 συμφοραῖς
636 1072 745 1127 μήτε
767 1081 859 1121 τοῖς
881 1071 1136 1126 ἐπιβούλοις
1156 1075 1233 1129 τῆς
1257 1073 1571 1130 μητροπόλεως
1603 1076 1907 1128 συνέρχεσθαι.

142 1142 222 1182 ‘268
255 1137 292 1179 εἰ
312 1136 393 1192 γὰρ
415 1139 487 1180 καὶ
507 1137 561 1180 τὰ
582 1132 773 1192 μάλιστα
791 1136 1018 1193 Ῥωμαίοις
1037 1137 1309 1182 ὑποπτεύετε
1331 1141 1577 1194 διειλέχθαι
1596 1140 1731 1193 τινάς,
1763 1157 1909 1196 παρα-

252 1214 397 1261 τηρεῖν
420 1205 560 1255 ἕξεστι
590 1205 670 1255 τὰς
701 1203 900 1262 ἐφόδους,
933 1203 1008 1248 κᾶν
1038 1224 1082 1249 τι
1111 1209 1197 1250 τῶν
1230 1207 1581 1264 διαβεβλημένων
1614 1207 1723 1263 ἔργῳ
1755 1208 1906 1250 διακα-
1937 1220 1973 1254 15

255 1272 483 1328 λύπτηται,
514 1272 615 1315 τότε
636 1283 842 1329 φρουρεῖν
863 1291 940 1351 την
961 1291 1115 1330 μητρο
1092 1274 1193 1316 πο)
1198 1292 1236 1317 ιν
1260 1274 1474 1324 ἐλθόντας
1504 1274 1701 1326 κολάζειν
1731 1291 1777 1317 τε
1807 1291 1907 1324 τοις

257 1338 424 1389 αἰτίους
454 1344 824 1396 πεφωραμένους·
866 1357 914 1383 ου
945 1340 1026 1396 γὰρ
1059 1359 1110 1383 αν
1140 1338 1252 1395 υμᾶς
1284 1341 1512 1397 φθάσειαν
1546 1358 1587 1383 οι
1618 1341 1826 1395 πολέμιοι
1855 1343 1909 1397 τῇ

144 1412 224 1452 269
257 1406 385 1448 πόλει
435 1411 814 1463 προσῳκημένους.
898 1425 935 1450 ει
987 1405 1025 1450 δ
1081 1404 1204 1450 οἶδεν
1252 1406 1352 1462 ὑμῖν
1396 1425 1561 1451 τουτων
1614 1405 1830 1463 ει’γνωμον
1882 1425 1906 1462 η

252 1476 428 1528 μέτριον
451 1474 579 1525 δοκεῖ,
610 1474 667 1532 μὴ
691 1475 945 1529 θαυμάζετε
965 1475 1020 1517 τὰ
1041 1476 1227 1531 κλεῖθρα
1248 1478 1334 1518 τιῦν
1358 1477 1522 1527 πυλῶν,
1553 1475 1634 1525 έως
1665 1492 1716 1517 αν
1748 1478 1855 1532 φέρτ
1854 1491 1908 1517 τε

150 538 172 576 Ν)

177 538 199 576 Οἱ

206 539 228 576 0(

145 739 167 777 [Q

172 739 194 778 Φ

200 740 223 779 Ο.)

252 1539 307 1582 τὰ
338 1540 500 1583 ὅπλα.“
1935 1556 1972 1588 20

143 1612 223 1651 270
367 1613 405 1649 4.
452 1610 644 1650 Τοιαῦτα
682 1608 760 1662 μὲν
803 1606 824 1648 ὁ
852 1604 1017 1665 Ἰησοῦς
1054 1610 1192 1664 ἔλεγε·
1234 1612 1320 1652 τιῦν
1360 1610 1406 1652 δὲ
1431 1605 1686 1660 Ἰδουμαίων
1725 1606 1824 1652 οὔτε
1853 1608 1902 1652 τὸ

366 1754 595 1788 PAMLVRC
606 1753 905 1798 LatHegesippus
930 1755 979 1789 1V
1004 1759 1022 1788 7
1048 1766 1082 1799 p.
1109 1758 1185 1790 234.

368 1815 381 1844 1
409 1813 485 1845 τῶν
517 1808 740 1854 σπλάγχνων
771 1813 847 1845 τῶν
879 1810 993 1852 ἰδίων]
1024 1814 1100 1846 τῶν
1130 1810 1233 1846 ἰδίων
1265 1809 1489 1857 σπλάγχνων
1520 1811 1646 1846 LVRC
1784 1813 1803 1844 2
1840 1804 1904 1852 ὦν]

252 1860 280 1901 <2
307 1867 355 1901 R1
491 1879 546 1900 ωσ
571 1863 661 1911 ε’φην
685 1868 747 1901 καὶ
773 1866 921 1911 πρέπον
944 1869 988 1900 tr.
1014 1867 1044 1900 L
1161 1870 1179 1900 3
1203 1864 1287 1910 ὑμῖν
1312 1877 1356 1901 ex
1380 1863 1468 1912 ἡμῖν
1493 1877 1581 1901 corr.
1609 1867 1634 1901 O
1743 1870 1903 1909 συνεξαι-

254 1936 293 1967 ρε
297 1925 343 1963 ἵν]
369 1922 410 1956 L.
436 1922 590 1956 Dindorf
613 1925 735 1963 συνεξι
703 1920 841 1966 ιίρειν
867 1922 967 1956 codd.
993 1923 1150 1957 eximere
1175 1922 1244 1956 Lat
1329 1926 1350 1956 4
1374 1919 1445 1957 ἒ-’ὁέι
1471 1920 1526 1957 aba
1550 1920 1741 1968 τιμωροὺσ
1766 1923 1835 1955 ML

251 1982 269 2011 5
296 1974 331 2014 δ’
357 1979 387 2012 L
501 1978 685 2013 αἰδεῖσθαι
711 1978 869 2012 A¹LV¹C
999 1982 1016 2012 ἵ
1042 1979 1169 2022 μέσον,
1194 1990 1259 2013 εσο
1286 1988 1327 2012 ex
1353 1988 1446 2013 corr.
1472 1979 1504 2011 A
1625 1991 1664 2014 τε
1689 1989 1756 2012 om.
1783 1979 1813 2011 L

251 2038 270 2068 8
296 2036 433 2075 καίτοι]
458 2035 582 2070 καίτοι
608 2031 781 2078 κερδῆσαι
814 2031 1002 2079 (κερδήσαι
1032 2035 1198 2075 deletum)
1222 2034 1247 2067 C
1377 2032 1590 2079 λογήσασθε
1620 2034 1647 2067 Ρ
1673 2035 1903 2079 λογίσασθαι

1702 2104 1723 2125 υ

250 2134 360 2170 AV¹C
451 2130 513 2178 ἐφ’
541 2131 870 2180 ὁμολογουμένοις]
896 2132 1278 2180 ἐφωμολογουμένοισ
1301 2134 1378 2168 ΡΑι
1470 2138 1488 2168 9
1513 2133 1617 2178 ὑμῶν
1640 2134 1669 2168 L
1693 2131 1780 2179 ἡμῖν
1803 2135 1835 2169 V

250 2186 507 2229 ιιἸταιτιάτοισ
533 2191 558 2224 C
677 2194 715 2224 10
739 2187 924 2236 ἡμετέρασ
949 2190 981 2224 R
1098 2194 1132 2224 11
1162 2190 1200 2226 δὲ
1224 2190 1318 2225 VRC
1432 2187 1529 2234 ἡμῖν]
1553 2186 1639 2233 ὑμῖν
1663 2189 1812 2224 Hudson

248 2249 446 2292 κρίνεσθαι
470 2250 535 2288 δεῖ]
560 2247 720 2281 iudicare
744 2247 854 2281 uultis
883 2247 952 2281 Lat
1088 2248 1297 2293 κρίνεσθαι]
1322 2247 1464 2291 κρίνειν
1488 2246 1517 2279 V
1642 2248 1706 2286 δεῖ]
1732 2248 1835 2281 δοκεῖ
1857 2257 1900 2281 ex

250 2304 326 2338 cod.
351 2304 454 2338 Voss.
481 2302 630 2337 Hudson
746 2305 784 2336 12
810 2303 951 2348 τρίτον]
976 2309 1151 2349 κρεῖττον
1175 2303 1207 2337 V
1297 2301 1537 2349 ἐπεμβαίνειν
1561 2300 1661 2335 MVO
1761 2304 1800 2336 13
1825 2300 1901 2338 ἐπι-

248 2362 417 2405 βουλοισ,
442 2372 501 2394 οισ
525 2370 567 2393 ex
593 2371 655 2394 αισ
681 2368 773 2393 corr.
801 2358 826 2392 C
935 2359 1194 2405 συνέρχεσθαι]
1219 2358 1319 2393 PML
1346 2357 1544 2401 συμμένειν
1566 2358 1630 2392 καὶ
1655 2356 1901 2403 συνέρχεσθαι

248 2415 281 2448 Α
313 2416 508 2459 συμμένειν
534 2414 626 2449 VRG
658 2414 832 2448 maneatis
862 2415 932 2449 Lat
1063 2419 1103 2450 14
1134 2417 1197 2450 καὶ
1227 2426 1294 2449 om.
1327 2414 1354 2447 P
1386 2418 1419 2448 et
1443 2417 1481 2447 ut
1505 2413 1575 2447 uid.
1603 2413 1672 2448 Lat
1783 2409 1901 2450 ὑποπ-

248 2503 392 2540 τεῦεται
416 2504 476 2538 LC
500 2482 751 2540 ὕποπτεύεταει
767 2504 798 2537 V
890 2504 1077 2550 διηλέχθαι
1102 2504 1170 2538 ML
1196 2503 1406 2549 διηλέγχθαι
1425 2503 1454 2536 V
1548 2505 1587 2536 15
1613 2499 1741 2545 ἔξεστι]
1760 2499 1901 2545 ἔξεστιν

248 2557 350 2605 παρὰ
378 2561 408 2594 L
499 2557 571 2596 κᾶν
586 2580 629 2584 -
654 2557 954 2605 διακαλύπτηται]
979 2571 1057 2594 cum
1079 2560 1219 2604 factum
1244 2559 1394 2603 aliquod
1415 2557 1592 2593 eiusmodi
1610 2559 1773 2603 patuerit
1795 2559 1901 2603 quale

248 2615 404 2650 delatum
429 2621 481 2650 est
505 2615 576 2649 Lat
665 2613 786 2661 ἔργων
803 2615 929 2649 LVRC
1022 2612 1308 2651 ὁιακαλύπτεται
1334 2615 1366 2647 A
1438 2616 1476 2648 16
1500 2617 1692 2660 φρουρεῖν]
1718 2621 1900 2661 φρουρεῖν

247 2671 315 2715 μὲν
339 2672 386 2705 L2
477 2669 662 2712 ἐλθόντας
678 2681 745 2705 om.
765 2671 834 2705 Lat
923 2685 966 2707 κ·
980 2668 1128 2714 ολάζειν
1145 2671 1171 2705 G
1263 2674 1316 2711 τε]
1342 2670 1380 2706 δὲ
1396 2669 1460 2703 AL
1551 2671 1591 2703 18
1617 2666 1737 2710 πόλει]
1760 2683 1899 2717 μητρο-

248 2724 357 2762 πόλει
373 2727 444 2762 MV
558 2726 894 2770 προσωκισμένουσ
919 2726 1114 2762 PAMVRG
1237 2726 1274 2762 δὲ
1298 2726 1392 2760 VRC
1506 2721 1593 2771 ἡμῖν
1616 2724 1648 2759 V
1761 2721 1898 2772 εὐγνώ-

248 2796 330 2827 μων
354 2783 381 2815 P
519 2779 712 2828 εέἷγνωμον
736 2780 882 2818 τούτων
905 2788 950 2818 tr.
976 2783 1007 2817 V
1146 2785 1185 2817 19
1210 2778 1444 2827 θαυμάζητε,
1474 2796 1495 2826 η
1520 2789 1562 2814 ex
1586 2793 1617 2816 ει
1641 2790 1730 2815 corr.
1755 2782 1788 2816 V

248 2842 419 2884 κλεῖθρα,
444 2851 475 2874 ει
500 2847 543 2872 ex
568 2853 588 2883 η
613 2848 704 2872 corr.
730 2838 763 2872 V
853 2840 1009 2886 φέρηται
1033 2839 1090 2874 PC
1173 2841 1209 2872 21
1239 2833 1364 2883 ἔλεγεν
1388 2836 1418 2870 L
1511 2833 1608 2877 οὔτε]
1634 2832 1742 2872 οὐδὲν
1765 2837 1898 2874 PAML

248 2898 283 2929 et
306 2894 389 2929 fort.
414 2893 484 2928 Lat
