<?xml version="1.0" encoding="UTF-8"?>
<!DOCTYPE html PUBLIC "-//W3C//DTD XHTML 1.0 Transitional//EN"
    "http://www.w3.org/TR/xhtml1/DTD/xhtml1-transitional.dtd">
<html xmlns="http://www.w3.org/1999/xhtml" xml:lang="en" lang="en">
 <head>
  <title>
</title>
<meta http-equiv="Content-Type" content="text/html;charset=utf-8" />
  <meta name='ocr-system' content='tesseract 3.04.00' />
  <meta name='ocr-capabilities' content='ocr_page ocr_carea ocr_par ocr_line ocrx_word'/>
</head>
<body>
  <div class='ocr_page' id='page_1' title='image "./operajosephus06joseuoft_0488.png"; bbox 0 0 2018 3236; ppageno 0'>
   <div class='ocr_carea' id='block_1_1' title="bbox 270 142 1503 186">
    <p class='ocr_par' dir='ltr' id='par_1_1' title="bbox 270 142 1503 186">
     <span class='ocr_line' id='line_1_1' title="bbox 270 142 1503 186; baseline -0.006 -3"><span class='ocrx_word' id='word_1_1' title='bbox 270 146 352 183; x_wconf 86' lang='lat'><em>408</em></span> <span class='ocrx_word' id='word_1_2' title='bbox 686 144 752 178; x_wconf 87' lang='lat' dir='ltr'><em>DE</em></span> <span class='ocrx_word' id='word_1_3' title='bbox 776 142 935 177; x_wconf 92' lang='lat' dir='ltr'>BELLO</span> <span class='ocrx_word' id='word_1_4' title='bbox 960 142 1059 177; x_wconf 89' lang='lat' dir='ltr'><strong>IUD.</strong></span> <span class='ocrx_word' id='word_1_5' title='bbox 1086 142 1136 177; x_wconf 92' lang='lat' dir='ltr'><em>IV</em></span> <span class='ocrx_word' id='word_1_6' title='bbox 1160 144 1334 177; x_wconf 83' lang='grc'>463-471</span> <span class='ocrx_word' id='word_1_7' title='bbox 1362 145 1446 185; x_wconf 77' lang='lat' dir='ltr'>(VIII</span> <span class='ocrx_word' id='word_1_8' title='bbox 1472 149 1503 186; x_wconf 86' lang='lat'><em>3)</em></span> 
     </span>
    </p>
   </div>
   <div class='ocr_carea' id='block_1_2' title="bbox 157 250 1928 1590">
    <p class='ocr_par' dir='ltr' id='par_1_2' title="bbox 157 250 1928 1590">
     <span class='ocr_line' id='line_1_2' title="bbox 274 250 1924 314; baseline -0.001 -14"><span class='ocrx_word' id='word_1_9' title='bbox 274 256 498 311; x_wconf 74' lang='grc' dir='ltr'><em>διαδοχήν,</em></span> <span class='ocrx_word' id='word_1_10' title='bbox 536 251 639 311; x_wconf 70' lang='grc' dir='ltr'><em>μηδ’</em></span> <span class='ocrx_word' id='word_1_11' title='bbox 676 255 901 299; x_wconf 70' lang='grc' dir='ltr'><em>ἐπιλιπεῖν</em></span> <span class='ocrx_word' id='word_1_12' title='bbox 934 250 1082 305; x_wconf 84' lang='grc' dir='ltr'><em>αῦτοῖς</em></span> <span class='ocrx_word' id='word_1_13' title='bbox 1111 254 1160 297; x_wconf 82' lang='grc' dir='ltr'><em>τὸ</em></span> <span class='ocrx_word' id='word_1_14' title='bbox 1193 254 1361 298; x_wconf 79' lang='grc' dir='ltr'><em>τούτων</em></span> <span class='ocrx_word' id='word_1_15' title='bbox 1391 254 1637 312; x_wconf 82' lang='grc' dir='ltr'><em>γεννητικὸν</em></span> <span class='ocrx_word' id='word_1_16' title='bbox 1668 251 1803 314; x_wconf 68' lang='grc' dir='ltr'><em>ῦδωρ,</em></span> <span class='ocrx_word' id='word_1_17' title='bbox 1844 260 1924 311; x_wconf 73' lang='grc' dir='ltr'><em>ἕως</em></span> 
     </span>
     <span class='ocr_line' id='line_1_3' title="bbox 159 317 1922 380; baseline 0.001 -14"><span class='ocrx_word' id='word_1_18' title='bbox 159 327 241 366; x_wconf 87' lang='grc'><em>464</em></span> <span class='ocrx_word' id='word_1_19' title='bbox 271 328 451 379; x_wconf 91' lang='grc' dir='ltr'><em>μένουσι</em></span> <span class='ocrx_word' id='word_1_20' title='bbox 489 322 665 366; x_wconf 86' lang='grc' dir='ltr'><em>δίκαιοι.</em></span> <span class='ocrx_word' id='word_1_21' title='bbox 723 322 905 373; x_wconf 77' lang='grc' dir='ltr'><em>ταύταις</em></span> <span class='ocrx_word' id='word_1_22' title='bbox 942 331 1041 372; x_wconf 86' lang='grc' dir='ltr'><em>ταῖς</em></span> <span class='ocrx_word' id='word_1_23' title='bbox 1077 317 1220 375; x_wconf 70' lang='grc' dir='ltr'><em>εὐχαῖς</em></span> <span class='ocrx_word' id='word_1_24' title='bbox 1251 321 1395 364; x_wconf 80' lang='grc' dir='ltr'><em>πολλὰ</em></span> <span class='ocrx_word' id='word_1_25' title='bbox 1425 324 1851 380; x_wconf 75' lang='grc' dir='ltr'><em>προσχειρουργήσας</em></span> <span class='ocrx_word' id='word_1_26' title='bbox 1881 326 1922 378; x_wconf 74' lang='grc' dir='ltr'><em>ἐξ</em></span> 
     </span>
     <span class='ocr_line' id='line_1_4' title="bbox 273 385 1919 447; baseline 0.001 -14"><span class='ocrx_word' id='word_1_27' title='bbox 273 389 517 447; x_wconf 74' lang='grc' dir='ltr'><em>ἐπιστήμης</em></span> <span class='ocrx_word' id='word_1_28' title='bbox 554 389 711 446; x_wconf 71' lang='grc' dir='ltr'><em>ἔτρεψε</em></span> <span class='ocrx_word' id='word_1_29' title='bbox 749 389 826 446; x_wconf 64' lang='grc' dir='ltr'><em>τὴν</em></span> <span class='ocrx_word' id='word_1_30' title='bbox 864 389 1026 446; x_wconf 83' lang='grc' dir='ltr'><em>πηγήν,</em></span> <span class='ocrx_word' id='word_1_31' title='bbox 1065 391 1139 432; x_wconf 83' lang='grc' dir='ltr'><em>καὶ</em></span> <span class='ocrx_word' id='word_1_32' title='bbox 1177 388 1226 432; x_wconf 84' lang='grc' dir='ltr'><em>τὸ</em></span> <span class='ocrx_word' id='word_1_33' title='bbox 1267 390 1372 443; x_wconf 82' lang='grc' dir='ltr'><em>πρὶν</em></span> <span class='ocrx_word' id='word_1_34' title='bbox 1413 385 1630 446; x_wconf 76' lang='grc' dir='ltr'><em>ὀρφανίας</em></span> <span class='ocrx_word' id='word_1_35' title='bbox 1669 386 1818 442; x_wconf 69' lang='grc' dir='ltr'><em>αὐτοῖς</em></span> <span class='ocrx_word' id='word_1_36' title='bbox 1852 395 1919 436; x_wconf 80' lang='grc' dir='ltr'><em>καὶ</em></span> 
     </span>
     <span class='ocr_line' id='line_1_5' title="bbox 270 452 1918 516; baseline 0.002 -17"><span class='ocrx_word' id='word_1_37' title='bbox 270 459 399 511; x_wconf 81' lang='grc' dir='ltr'><em>λιμοῦ</em></span> <span class='ocrx_word' id='word_1_38' title='bbox 420 461 658 511; x_wconf 73' lang='grc' dir='ltr'><em>παραίτιον</em></span> <span class='ocrx_word' id='word_1_39' title='bbox 680 452 795 512; x_wconf 63' lang='grc' dir='ltr'><em>ὕδωρ</em></span> <span class='ocrx_word' id='word_1_40' title='bbox 827 456 972 499; x_wconf 70' lang='grc' dir='ltr'><em>ἔκτοτε</em></span> <span class='ocrx_word' id='word_1_41' title='bbox 1004 452 1222 507; x_wconf 78' lang='grc' dir='ltr'><em>εῦτεκνίας</em></span> <span class='ocrx_word' id='word_1_42' title='bbox 1251 458 1323 499; x_wconf 85' lang='grc' dir='ltr'><em>καὶ</em></span> <span class='ocrx_word' id='word_1_43' title='bbox 1353 456 1483 512; x_wconf 85' lang='grc' dir='ltr'><em>κόρου</em></span> <span class='ocrx_word' id='word_1_44' title='bbox 1510 456 1696 514; x_wconf 82' lang='grc' dir='ltr'><em>χορηγὸν</em></span> <span class='ocrx_word' id='word_1_45' title='bbox 1725 462 1918 516; x_wconf 87' lang='grc' dir='ltr'><em>κατέστη.</em></span> 
     </span>
     <span class='ocr_line' id='line_1_6' title="bbox 159 520 1920 583; baseline 0.001 -16"><span class='ocrx_word' id='word_1_46' title='bbox 159 528 239 567; x_wconf 85' lang='grc'><em>465</em></span> <span class='ocrx_word' id='word_1_47' title='bbox 270 523 485 580; x_wconf 77' lang='grc' dir='ltr'><em>τοσαύτην</em></span> <span class='ocrx_word' id='word_1_48' title='bbox 505 526 607 579; x_wconf 84' lang='grc' dir='ltr'><em>γοῦν</em></span> <span class='ocrx_word' id='word_1_49' title='bbox 630 523 673 567; x_wconf 72' lang='grc' dir='ltr'><em>ἓν</em></span> <span class='ocrx_word' id='word_1_50' title='bbox 700 533 798 574; x_wconf 89' lang='grc' dir='ltr'><em>ταῖς</em></span> <span class='ocrx_word' id='word_1_51' title='bbox 820 520 1016 577; x_wconf 73' lang='grc' dir='ltr'><em>ἀρδείαις</em></span> <span class='ocrx_word' id='word_1_52' title='bbox 1046 523 1132 577; x_wconf 71' lang='grc' dir='ltr'><em>ἔχει</em></span> <span class='ocrx_word' id='word_1_53' title='bbox 1164 523 1346 578; x_wconf 79' lang='grc' dir='ltr'><em>δύναμιν</em></span> <span class='ocrx_word' id='word_1_54' title='bbox 1377 520 1447 576; x_wconf 80' lang='grc' dir='ltr'><em>ὡς,</em></span> <span class='ocrx_word' id='word_1_55' title='bbox 1480 524 1518 567; x_wconf 81' lang='grc' dir='ltr'><em>εἰ</em></span> <span class='ocrx_word' id='word_1_56' title='bbox 1548 526 1620 567; x_wconf 86' lang='grc' dir='ltr'><em>καὶ</em></span> <span class='ocrx_word' id='word_1_57' title='bbox 1650 524 1785 579; x_wconf 89' lang='grc' dir='ltr'><em>μόνον</em></span> <span class='ocrx_word' id='word_1_58' title='bbox 1816 525 1920 583; x_wconf 73' lang='grc' dir='ltr'><em>ἐφά-</em></span> 
     </span>
     <span class='ocr_line' id='line_1_7' title="bbox 271 589 1920 648; baseline 0.002 -15"><span class='ocrx_word' id='word_1_59' title='bbox 271 599 410 647; x_wconf 85' lang='grc' dir='ltr'><em>ψαιτο</em></span> <span class='ocrx_word' id='word_1_60' title='bbox 433 593 508 648; x_wconf 82' lang='grc' dir='ltr'><em>τῆς</em></span> <span class='ocrx_word' id='word_1_61' title='bbox 526 590 684 646; x_wconf 84' lang='grc' dir='ltr'><em>χώρας,</em></span> <span class='ocrx_word' id='word_1_62' title='bbox 716 591 1037 646; x_wconf 78' lang='grc' dir='ltr'><em>νοστιμώτερον</em></span> <span class='ocrx_word' id='word_1_63' title='bbox 1059 589 1173 634; x_wconf 81' lang='grc' dir='ltr'><em>εἶναι</em></span> <span class='ocrx_word' id='word_1_64' title='bbox 1196 593 1282 634; x_wconf 80' lang='grc' dir='ltr'><em>τῶν</em></span> <span class='ocrx_word' id='word_1_65' title='bbox 1313 594 1438 647; x_wconf 89' lang='grc' dir='ltr'><em>μέχρι</em></span> <span class='ocrx_word' id='word_1_66' title='bbox 1466 592 1597 648; x_wconf 84' lang='grc' dir='ltr'><em>κόρου</em></span> <span class='ocrx_word' id='word_1_67' title='bbox 1625 592 1920 647; x_wconf 78' lang='grc' dir='ltr'><em>χρονιζόντων.</em></span> 
     </span>
     <span class='ocr_line' id='line_1_8' title="bbox 157 655 1920 717; baseline 0.002 -17"><span class='ocrx_word' id='word_1_68' title='bbox 157 660 238 700; x_wconf 90' lang='grc'><em>466</em></span> <span class='ocrx_word' id='word_1_69' title='bbox 270 657 387 714; x_wconf 86' lang='grc' dir='ltr'><em>παρὸ</em></span> <span class='ocrx_word' id='word_1_70' title='bbox 419 660 490 700; x_wconf 82' lang='grc' dir='ltr'><em>καὶ</em></span> <span class='ocrx_word' id='word_1_71' title='bbox 521 660 608 700; x_wconf 81' lang='grc' dir='ltr'><em>τῶν</em></span> <span class='ocrx_word' id='word_1_72' title='bbox 640 656 746 715; x_wconf 77' lang='grc' dir='ltr'><em>[μὲν]</em></span> <span class='ocrx_word' id='word_1_73' title='bbox 780 659 1110 714; x_wconf 77' lang='grc' dir='ltr'><em>δαψιλεστέρως</em></span> <span class='ocrx_word' id='word_1_74' title='bbox 1138 661 1371 713; x_wconf 71' lang='grc' dir='ltr'><em>χρεωμένων</em></span> <span class='ocrx_word' id='word_1_75' title='bbox 1400 656 1425 716; x_wconf 80' lang='grc' dir='ltr'>ἡ</span> <span class='ocrx_word' id='word_1_76' title='bbox 1458 655 1608 716; x_wconf 76' lang='grc' dir='ltr'><em>ὄνησίς</em></span> <span class='ocrx_word' id='word_1_77' title='bbox 1639 658 1756 703; x_wconf 76' lang='grc' dir='ltr'><em>ἐστιν</em></span> <span class='ocrx_word' id='word_1_78' title='bbox 1788 662 1920 717; x_wconf 83' lang='grc' dir='ltr'><em>ὀλίγη,</em></span> 
     </span>
     <span class='ocr_line' id='line_1_9' title="bbox 157 722 1921 782; baseline 0.002 -15"><span class='ocrx_word' id='word_1_79' title='bbox 157 729 237 768; x_wconf 79' lang='grc'><em>467</em></span> <span class='ocrx_word' id='word_1_80' title='bbox 269 725 424 768; x_wconf 81' lang='grc' dir='ltr'><em>τούτου</em></span> <span class='ocrx_word' id='word_1_81' title='bbox 466 725 512 767; x_wconf 81' lang='grc' dir='ltr'><em>δὲ</em></span> <span class='ocrx_word' id='word_1_82' title='bbox 549 728 627 768; x_wconf 85' lang='grc' dir='ltr'><em>τοῦ</em></span> <span class='ocrx_word' id='word_1_83' title='bbox 669 722 818 782; x_wconf 75' lang='grc' dir='ltr'><em>ὀλίγου</em></span> <span class='ocrx_word' id='word_1_84' title='bbox 857 730 1039 782; x_wconf 82' lang='grc' dir='ltr'><em>χορηγία</em></span> <span class='ocrx_word' id='word_1_85' title='bbox 1079 726 1285 782; x_wconf 78' lang='grc' dir='ltr'><em>δαψιλής.</em></span> <span class='ocrx_word' id='word_1_86' title='bbox 1345 723 1466 782; x_wconf 69' lang='grc' dir='ltr'><em>ἄρδει</em></span> <span class='ocrx_word' id='word_1_87' title='bbox 1506 729 1607 782; x_wconf 81' lang='grc' dir='ltr'><em>γοῦν</em></span> <span class='ocrx_word' id='word_1_88' title='bbox 1643 728 1810 770; x_wconf 88' lang='grc' dir='ltr'><em>πλέονα</em></span> <span class='ocrx_word' id='word_1_89' title='bbox 1839 730 1921 770; x_wconf 77' lang='grc' dir='ltr'><em>τῶν</em></span> 
     </span>
     <span class='ocr_line' id='line_1_10' title="bbox 272 789 1923 849; baseline 0.002 -15"><span class='ocrx_word' id='word_1_90' title='bbox 272 789 416 835; x_wconf 79' lang='grc' dir='ltr'><em>ἄλλων</em></span> <span class='ocrx_word' id='word_1_91' title='bbox 439 790 661 846; x_wconf 76' lang='grc' dir='ltr'><em>ἁπάντων,</em></span> <span class='ocrx_word' id='word_1_92' title='bbox 692 796 765 837; x_wconf 84' lang='grc' dir='ltr'><em>καὶ</em></span> <span class='ocrx_word' id='word_1_93' title='bbox 786 795 942 837; x_wconf 89' lang='grc' dir='ltr'><em>πεδίον</em></span> <span class='ocrx_word' id='word_1_94' title='bbox 963 795 1041 848; x_wconf 80' lang='grc' dir='ltr'><em>μὲν</em></span> <span class='ocrx_word' id='word_1_95' title='bbox 1064 794 1236 837; x_wconf 70' lang='grc' dir='ltr'><em>ἔπεισιν</em></span> <span class='ocrx_word' id='word_1_96' title='bbox 1258 793 1551 848; x_wconf 77' lang='grc' dir='ltr'><em>ἑβδομήκοντα</em></span> <span class='ocrx_word' id='word_1_97' title='bbox 1574 794 1765 837; x_wconf 84' lang='grc' dir='ltr'><em>σταδίων</em></span> <span class='ocrx_word' id='word_1_98' title='bbox 1791 798 1923 849; x_wconf 71' lang='grc' dir='ltr'><em>μῆκος</em></span> 
     </span>
     <span class='ocr_line' id='line_1_11' title="bbox 273 851 1923 918; baseline 0.001 -15"><span class='ocrx_word' id='word_1_99' title='bbox 273 851 398 916; x_wconf 76' lang='grc' dir='ltr'><em>εῦρος</em></span> <span class='ocrx_word' id='word_1_100' title='bbox 433 858 473 902; x_wconf 65' lang='grc' dir='ltr'><em>δ’</em></span> <span class='ocrx_word' id='word_1_101' title='bbox 511 860 693 914; x_wconf 76' lang='grc' dir='ltr'><em>εἴκοσιν,</em></span> <span class='ocrx_word' id='word_1_102' title='bbox 736 861 931 918; x_wconf 73' lang='grc' dir='ltr'><em>ἐκτρέφει</em></span> <span class='ocrx_word' id='word_1_103' title='bbox 965 858 1004 903; x_wconf 70' lang='grc' dir='ltr'><em>δ’</em></span> <span class='ocrx_word' id='word_1_104' title='bbox 1041 861 1085 904; x_wconf 73' lang='grc' dir='ltr'><em>ἓν</em></span> <span class='ocrx_word' id='word_1_105' title='bbox 1118 856 1235 917; x_wconf 67' lang='grc' dir='ltr'><em>αὐτῷ</em></span> <span class='ocrx_word' id='word_1_106' title='bbox 1265 861 1564 916; x_wconf 82' lang='grc' dir='ltr'><em>παραδείσους</em></span> <span class='ocrx_word' id='word_1_107' title='bbox 1593 862 1846 912; x_wconf 80' lang='grc' dir='ltr'><em>καλλίστους</em></span> <span class='ocrx_word' id='word_1_108' title='bbox 1876 879 1923 905; x_wconf 89' lang='grc' dir='ltr'><em>τε</em></span> 
     </span>
     <span class='ocr_line' id='line_1_12' title="bbox 159 927 1923 986; baseline 0.001 -16"><span class='ocrx_word' id='word_1_109' title='bbox 159 931 240 970; x_wconf 81' lang='grc'><em>468</em></span> <span class='ocrx_word' id='word_1_110' title='bbox 271 930 344 971; x_wconf 87' lang='grc' dir='ltr'><em>καὶ</em></span> <span class='ocrx_word' id='word_1_111' title='bbox 374 927 684 978; x_wconf 76' lang='grc' dir='ltr'><em>πυκνοτάτους.</em></span> <span class='ocrx_word' id='word_1_112' title='bbox 746 932 832 971; x_wconf 82' lang='grc' dir='ltr'><em>τῶν</em></span> <span class='ocrx_word' id='word_1_113' title='bbox 864 929 910 971; x_wconf 77' lang='grc' dir='ltr'><em>δὲ</em></span> <span class='ocrx_word' id='word_1_114' title='bbox 942 932 1153 985; x_wconf 87' lang='grc' dir='ltr'><em>φοινίκων</em></span> <span class='ocrx_word' id='word_1_115' title='bbox 1185 927 1494 984; x_wconf 72' lang='grc' dir='ltr'><em>ἐπαρδομένων</em></span> <span class='ocrx_word' id='word_1_116' title='bbox 1524 932 1622 986; x_wconf 87' lang='grc' dir='ltr'><em>γένη</em></span> <span class='ocrx_word' id='word_1_117' title='bbox 1654 929 1797 971; x_wconf 79' lang='grc' dir='ltr'><em>πολλὰ</em></span> <span class='ocrx_word' id='word_1_118' title='bbox 1826 938 1923 980; x_wconf 91' lang='grc' dir='ltr'><em>ταῖς</em></span> 
     </span>
     <span class='ocr_line' id='line_1_13' title="bbox 269 995 1923 1054; baseline 0 -16"><span class='ocrx_word' id='word_1_119' title='bbox 269 995 443 1051; x_wconf 77' lang='grc' dir='ltr'><em>γεύσεσι</em></span> <span class='ocrx_word' id='word_1_120' title='bbox 463 997 535 1038; x_wconf 85' lang='grc' dir='ltr'><em>καὶ</em></span> <span class='ocrx_word' id='word_1_121' title='bbox 557 1005 654 1046; x_wconf 87' lang='grc' dir='ltr'><em>ταῖς</em></span> <span class='ocrx_word' id='word_1_122' title='bbox 683 1000 977 1054; x_wconf 90' lang='grc' dir='ltr'><em>παρηγορίαις</em></span> <span class='ocrx_word' id='word_1_123' title='bbox 1009 996 1224 1052; x_wconf 83' lang='grc' dir='ltr'><em>διάφορα·</em></span> <span class='ocrx_word' id='word_1_124' title='bbox 1257 996 1423 1039; x_wconf 74' lang='grc' dir='ltr'><em>τούτων</em></span> <span class='ocrx_word' id='word_1_125' title='bbox 1454 997 1496 1039; x_wconf 77' lang='grc' dir='ltr'><em>οἱ</em></span> <span class='ocrx_word' id='word_1_126' title='bbox 1526 996 1729 1052; x_wconf 80' lang='grc' dir='ltr'><em>πιότεροι</em></span> <span class='ocrx_word' id='word_1_127' title='bbox 1758 996 1923 1038; x_wconf 76' lang='grc' dir='ltr'><em>πατοῦ-</em></span> 
     </span>
     <span class='ocr_line' id='line_1_14' title="bbox 158 1059 1923 1119; baseline 0 -13"><span class='ocrx_word' id='word_1_128' title='bbox 158 1068 240 1108; x_wconf 84' lang='grc'><em>469</em></span> <span class='ocrx_word' id='word_1_129' title='bbox 270 1079 395 1117; x_wconf 91' lang='grc' dir='ltr'><em>μενοι</em></span> <span class='ocrx_word' id='word_1_130' title='bbox 429 1065 501 1105; x_wconf 81' lang='grc' dir='ltr'><em>καὶ</em></span> <span class='ocrx_word' id='word_1_131' title='bbox 531 1063 631 1117; x_wconf 85' lang='grc' dir='ltr'><em>μέλι</em></span> <span class='ocrx_word' id='word_1_132' title='bbox 662 1064 849 1119; x_wconf 77' lang='grc' dir='ltr'><em>δαψιλὲς</em></span> <span class='ocrx_word' id='word_1_133' title='bbox 880 1059 1056 1106; x_wconf 74' lang='grc' dir='ltr'><em>ἀνιᾶσιν</em></span> <span class='ocrx_word' id='word_1_134' title='bbox 1088 1059 1137 1105; x_wconf 81' lang='grc' dir='ltr'><em>οῦ</em></span> <span class='ocrx_word' id='word_1_135' title='bbox 1168 1065 1319 1119; x_wconf 68' lang='grc' dir='ltr'><em>πολλῷ</em></span> <span class='ocrx_word' id='word_1_136' title='bbox 1351 1066 1427 1106; x_wconf 88' lang='grc' dir='ltr'><em>τοῦ</em></span> <span class='ocrx_word' id='word_1_137' title='bbox 1458 1065 1617 1106; x_wconf 79' lang='grc' dir='ltr'><em>λοιποῦ</em></span> <span class='ocrx_word' id='word_1_138' title='bbox 1645 1073 1801 1119; x_wconf 89' lang='grc' dir='ltr'><em>χεῖρον.</em></span> <span class='ocrx_word' id='word_1_139' title='bbox 1851 1065 1923 1106; x_wconf 88' lang='grc' dir='ltr'><em>καὶ</em></span> 
     </span>
     <span class='ocr_line' id='line_1_15' title="bbox 268 1127 1924 1188; baseline -0.001 -16"><span class='ocrx_word' id='word_1_140' title='bbox 268 1129 613 1187; x_wconf 81' lang='grc' dir='ltr'><em>μελιττοτρόφος</em></span> <span class='ocrx_word' id='word_1_141' title='bbox 636 1131 682 1173; x_wconf 80' lang='grc' dir='ltr'><em>δὲ</em></span> <span class='ocrx_word' id='word_1_142' title='bbox 702 1129 727 1188; x_wconf 83' lang='grc' dir='ltr'>ἡ</span> <span class='ocrx_word' id='word_1_143' title='bbox 756 1131 899 1186; x_wconf 83' lang='grc' dir='ltr'><em>χώρα·</em></span> <span class='ocrx_word' id='word_1_144' title='bbox 933 1134 1058 1188; x_wconf 80' lang='grc' dir='ltr'><em>φέρει</em></span> <span class='ocrx_word' id='word_1_145' title='bbox 1090 1131 1136 1173; x_wconf 79' lang='grc' dir='ltr'><em>δὲ</em></span> <span class='ocrx_word' id='word_1_146' title='bbox 1166 1134 1238 1174; x_wconf 84' lang='grc' dir='ltr'><em>καὶ</em></span> <span class='ocrx_word' id='word_1_147' title='bbox 1270 1127 1600 1185; x_wconf 75' lang='grc' dir='ltr'><em>ὀποβάλσαμον,</em></span> <span class='ocrx_word' id='word_1_148' title='bbox 1633 1129 1655 1173; x_wconf 79' lang='grc' dir='ltr'><em>ὃ</em></span> <span class='ocrx_word' id='word_1_149' title='bbox 1689 1129 1738 1185; x_wconf 76' lang='grc' dir='ltr'><em>δὴ</em></span> <span class='ocrx_word' id='word_1_150' title='bbox 1767 1129 1924 1184; x_wconf 90' lang='grc' dir='ltr'><em>τιμιώ-</em></span> 
     </span>
     <span class='ocr_line' id='line_1_16' title="bbox 267 1190 1924 1255; baseline -0.001 -15"><span class='ocrx_word' id='word_1_151' title='bbox 267 1215 399 1240; x_wconf 88' lang='grc' dir='ltr'><em>τατον</em></span> <span class='ocrx_word' id='word_1_152' title='bbox 437 1200 524 1240; x_wconf 81' lang='grc' dir='ltr'><em>τῶν</em></span> <span class='ocrx_word' id='word_1_153' title='bbox 561 1198 665 1255; x_wconf 73' lang='grc' dir='ltr'><em>τῇδε</em></span> <span class='ocrx_word' id='word_1_154' title='bbox 694 1201 897 1253; x_wconf 82' lang='grc' dir='ltr'><em>καρπιῦν,</em></span> <span class='ocrx_word' id='word_1_155' title='bbox 936 1198 1102 1254; x_wconf 77' lang='grc' dir='ltr'><em>κόπρον</em></span> <span class='ocrx_word' id='word_1_156' title='bbox 1131 1215 1179 1240; x_wconf 88' lang='grc' dir='ltr'><em>τε</em></span> <span class='ocrx_word' id='word_1_157' title='bbox 1208 1199 1280 1240; x_wconf 86' lang='grc' dir='ltr'><em>καὶ</em></span> <span class='ocrx_word' id='word_1_158' title='bbox 1311 1198 1635 1254; x_wconf 79' lang='grc' dir='ltr'><em>μυροβάλανον,</em></span> <span class='ocrx_word' id='word_1_159' title='bbox 1677 1194 1735 1246; x_wconf 71' lang='grc' dir='ltr'><em>ὥς</em></span> <span class='ocrx_word' id='word_1_160' title='bbox 1766 1193 1840 1239; x_wconf 78' lang='grc' dir='ltr'><em>οῦκ</em></span> <span class='ocrx_word' id='word_1_161' title='bbox 1871 1190 1924 1239; x_wconf 63' lang='grc' dir='ltr'><em>ἂν</em></span> 
     </span>
     <span class='ocr_line' id='line_1_17' title="bbox 269 1260 1924 1321; baseline -0.001 -14"><span class='ocrx_word' id='word_1_162' title='bbox 269 1262 482 1321; x_wconf 76' lang='grc' dir='ltr'><em>ἁμαρτεῖν</em></span> <span class='ocrx_word' id='word_1_163' title='bbox 521 1283 620 1309; x_wconf 88' lang='grc' dir='ltr'><em>τινα</em></span> <span class='ocrx_word' id='word_1_164' title='bbox 663 1265 848 1309; x_wconf 83' lang='grc' dir='ltr'><em>εἰπόντα</em></span> <span class='ocrx_word' id='word_1_165' title='bbox 886 1270 1014 1309; x_wconf 72' lang='grc' dir='ltr'><em>θεῖον</em></span> <span class='ocrx_word' id='word_1_166' title='bbox 1055 1263 1167 1308; x_wconf 78' lang='grc' dir='ltr'><em>εἶναι</em></span> <span class='ocrx_word' id='word_1_167' title='bbox 1206 1265 1254 1308; x_wconf 87' lang='grc' dir='ltr'><em>τὸ</em></span> <span class='ocrx_word' id='word_1_168' title='bbox 1292 1269 1475 1321; x_wconf 89' lang='grc' dir='ltr'><em>χωρίον,</em></span> <span class='ocrx_word' id='word_1_169' title='bbox 1516 1264 1559 1308; x_wconf 76' lang='grc' dir='ltr'><em>ἐν</em></span> <span class='ocrx_word' id='word_1_170' title='bbox 1599 1260 1633 1319; x_wconf 76' lang='grc' dir='ltr'><em>ᾦ</em></span> <span class='ocrx_word' id='word_1_171' title='bbox 1674 1264 1840 1321; x_wconf 78' lang='grc' dir='ltr'><em>δαψιλῆ</em></span> <span class='ocrx_word' id='word_1_172' title='bbox 1870 1263 1924 1305; x_wconf 84' lang='grc' dir='ltr'><em>τὰ</em></span> 
     </span>
     <span class='ocr_line' id='line_1_18' title="bbox 158 1327 1925 1389; baseline -0.002 -13"><span class='ocrx_word' id='word_1_173' title='bbox 158 1338 241 1377; x_wconf 83' lang='grc'><em>470</em></span> <span class='ocrx_word' id='word_1_174' title='bbox 275 1334 565 1376; x_wconf 81' lang='grc' dir='ltr'><em>σπανιώτατα</em></span> <span class='ocrx_word' id='word_1_175' title='bbox 609 1337 682 1377; x_wconf 83' lang='grc' dir='ltr'><em>καὶ</em></span> <span class='ocrx_word' id='word_1_176' title='bbox 726 1334 938 1377; x_wconf 86' lang='grc' dir='ltr'><em>κάλλιστα</em></span> <span class='ocrx_word' id='word_1_177' title='bbox 982 1335 1199 1389; x_wconf 81' lang='grc' dir='ltr'><em>γεννᾶται.</em></span> <span class='ocrx_word' id='word_1_178' title='bbox 1262 1334 1349 1375; x_wconf 78' lang='grc' dir='ltr'><em>τῶν</em></span> <span class='ocrx_word' id='word_1_179' title='bbox 1387 1332 1465 1386; x_wconf 78' lang='grc' dir='ltr'><em>μὲν</em></span> <span class='ocrx_word' id='word_1_180' title='bbox 1501 1331 1583 1387; x_wconf 78' lang='grc' dir='ltr'><em>γὰρ</em></span> <span class='ocrx_word' id='word_1_181' title='bbox 1625 1328 1767 1374; x_wconf 70' lang='grc' dir='ltr'><em>ἄλλων</em></span> <span class='ocrx_word' id='word_1_182' title='bbox 1809 1327 1925 1387; x_wconf 70' lang='grc' dir='ltr'><em>αὐτῷ</em></span> 
     </span>
     <span class='ocr_line' id='line_1_19' title="bbox 271 1393 1924 1458; baseline -0.001 -16"><span class='ocrx_word' id='word_1_183' title='bbox 271 1402 451 1456; x_wconf 83' lang='grc' dir='ltr'><em>καρπῶν</em></span> <span class='ocrx_word' id='word_1_184' title='bbox 491 1400 628 1443; x_wconf 69' lang='grc' dir='ltr'><em>ἕνεκεν</em></span> <span class='ocrx_word' id='word_1_185' title='bbox 670 1395 745 1442; x_wconf 83' lang='grc' dir='ltr'><em>οῦκ</em></span> <span class='ocrx_word' id='word_1_186' title='bbox 785 1393 835 1442; x_wconf 63' lang='grc' dir='ltr'><em>ὃν</em></span> <span class='ocrx_word' id='word_1_187' title='bbox 874 1402 1037 1458; x_wconf 75' lang='grc' dir='ltr'><em>ῥᾳδίως</em></span> <span class='ocrx_word' id='word_1_188' title='bbox 1073 1419 1117 1443; x_wconf 90' lang='grc' dir='ltr'><em>τι</em></span> <span class='ocrx_word' id='word_1_189' title='bbox 1154 1401 1468 1456; x_wconf 75' lang='grc' dir='ltr'><em>παραβληθείη</em></span> <span class='ocrx_word' id='word_1_190' title='bbox 1509 1400 1641 1452; x_wconf 89' lang='grc' dir='ltr'><em>κλίμα</em></span> <span class='ocrx_word' id='word_1_191' title='bbox 1675 1400 1750 1455; x_wconf 80' lang='grc' dir='ltr'><em>τῆς</em></span> <span class='ocrx_word' id='word_1_192' title='bbox 1782 1397 1924 1440; x_wconf 79' lang='grc' dir='ltr'><em>οἰκου-</em></span> 
     </span>
     <span class='ocr_line' id='line_1_20' title="bbox 159 1464 1928 1529; baseline -0.002 -18"><span class='ocrx_word' id='word_1_193' title='bbox 159 1473 235 1511; x_wconf 84' lang='grc'><em>471</em></span> <span class='ocrx_word' id='word_1_194' title='bbox 270 1470 418 1523; x_wconf 84' lang='grc' dir='ltr'><em>μένης·</em></span> <span class='ocrx_word' id='word_1_195' title='bbox 452 1467 589 1517; x_wconf 68' lang='grc' dir='ltr'><em>οὕτως</em></span> <span class='ocrx_word' id='word_1_196' title='bbox 609 1467 657 1510; x_wconf 83' lang='grc' dir='ltr'><em>τὸ</em></span> <span class='ocrx_word' id='word_1_197' title='bbox 681 1471 957 1527; x_wconf 71' lang='grc' dir='ltr'><em>καταβληθὲν</em></span> <span class='ocrx_word' id='word_1_198' title='bbox 979 1468 1196 1522; x_wconf 63' lang='grc' dir='ltr'><em>πολύχουν</em></span> <span class='ocrx_word' id='word_1_199' title='bbox 1220 1464 1499 1511; x_wconf 73' lang='grc' dir='ltr'><em>ἀναδίδωσιν.</em></span> <span class='ocrx_word' id='word_1_200' title='bbox 1548 1465 1690 1509; x_wconf 76' lang='grc' dir='ltr'><em>αἴτιόν</em></span> <span class='ocrx_word' id='word_1_201' title='bbox 1710 1481 1788 1529; x_wconf 76' lang='grc' dir='ltr'><em>μοι</em></span> <span class='ocrx_word' id='word_1_202' title='bbox 1809 1465 1928 1508; x_wconf 84' lang='grc' dir='ltr'><em>δοκεῖ</em></span> 
     </span>
     <span class='ocr_line' id='line_1_21' title="bbox 268 1530 1927 1590; baseline -0.001 -15"><span class='ocrx_word' id='word_1_203' title='bbox 268 1533 317 1576; x_wconf 79' lang='grc' dir='ltr'><em>τὸ</em></span> <span class='ocrx_word' id='word_1_204' title='bbox 359 1533 529 1589; x_wconf 74' lang='grc' dir='ltr'><em>θερμὸν</em></span> <span class='ocrx_word' id='word_1_205' title='bbox 564 1537 651 1577; x_wconf 82' lang='grc' dir='ltr'><em>τιῦν</em></span> <span class='ocrx_word' id='word_1_206' title='bbox 683 1530 824 1590; x_wconf 73' lang='grc' dir='ltr'><em>ἀέρων</em></span> <span class='ocrx_word' id='word_1_207' title='bbox 853 1537 926 1578; x_wconf 86' lang='grc' dir='ltr'><em>καὶ</em></span> <span class='ocrx_word' id='word_1_208' title='bbox 956 1535 1005 1577; x_wconf 80' lang='grc' dir='ltr'><em>τὸ</em></span> <span class='ocrx_word' id='word_1_209' title='bbox 1038 1537 1124 1578; x_wconf 79' lang='grc' dir='ltr'><em>τιῦν</em></span> <span class='ocrx_word' id='word_1_210' title='bbox 1155 1531 1325 1577; x_wconf 78' lang='grc' dir='ltr'><em>ἱδάτων</em></span> <span class='ocrx_word' id='word_1_211' title='bbox 1358 1530 1553 1586; x_wconf 58' lang='grc' dir='ltr'><em>εὔτονον,</em></span> <span class='ocrx_word' id='word_1_212' title='bbox 1593 1535 1678 1574; x_wconf 79' lang='grc' dir='ltr'><em>τῶν</em></span> <span class='ocrx_word' id='word_1_213' title='bbox 1707 1532 1785 1587; x_wconf 77' lang='grc' dir='ltr'><em>μὲν</em></span> <span class='ocrx_word' id='word_1_214' title='bbox 1816 1546 1927 1587; x_wconf 84' lang='grc' dir='ltr'><em>προ-</em></span> 
     </span>
    </p>
   </div>
   <div class='ocr_carea' id='block_1_3' title="bbox 351 1618 1887 1626">
    <p class='ocr_par' dir='ltr' id='par_1_3' title="bbox 351 1618 1887 1626">
     <span class='ocr_line' id='line_1_22' title="bbox 351 1618 1887 1626; baseline 0 0"><span class='ocrx_word' id='word_1_215' title='bbox 351 1618 1887 1626; x_wconf 95' lang='lat' dir='ltr'><em> </em></span> 
     </span>
    </p>
   </div>
   <div class='ocr_carea' id='block_1_4' title="bbox 269 1654 1929 2036">
    <p class='ocr_par' dir='ltr' id='par_1_4' title="bbox 381 1654 1217 1700">
     <span class='ocr_line' id='line_1_23' title="bbox 381 1654 1217 1700; baseline 0.002 -12"><span class='ocrx_word' id='word_1_216' title='bbox 381 1654 914 1700; x_wconf 80' lang='lat' dir='ltr'>PAMLVRCLatHegesippus</span> <span class='ocrx_word' id='word_1_217' title='bbox 938 1656 988 1690; x_wconf 91' lang='lat' dir='ltr'><em>IV</em></span> <span class='ocrx_word' id='word_1_218' title='bbox 1014 1659 1052 1689; x_wconf 87' lang='lat'><em>17</em></span> <span class='ocrx_word' id='word_1_219' title='bbox 1079 1667 1114 1699; x_wconf 90' lang='lat' dir='ltr'><em>p.</em></span> <span class='ocrx_word' id='word_1_220' title='bbox 1141 1658 1217 1690; x_wconf 79' lang='lat'>250.</span> 
     </span>
    </p>

    <p class='ocr_par' dir='ltr' id='par_1_5' title="bbox 269 1709 1929 2036">
     <span class='ocr_line' id='line_1_24' title="bbox 386 1709 1881 1757; baseline -0.001 -11"><span class='ocrx_word' id='word_1_221' title='bbox 386 1715 401 1746; x_wconf 86' lang='lat'>1</span> <span class='ocrx_word' id='word_1_222' title='bbox 420 1711 509 1757; x_wconf 78' lang='grc' dir='ltr'><em>μηδὲ</em></span> <span class='ocrx_word' id='word_1_223' title='bbox 526 1712 652 1746; x_wconf 85' lang='lat' dir='ltr'><em>LVRC</em></span> <span class='ocrx_word' id='word_1_224' title='bbox 722 1710 925 1747; x_wconf 78' lang='grc' dir='ltr'><em>ἐπιλειπεῖν</em></span> <span class='ocrx_word' id='word_1_225' title='bbox 941 1711 1051 1745; x_wconf 86' lang='lat' dir='ltr'>PAL¹</span> <span class='ocrx_word' id='word_1_226' title='bbox 1067 1711 1272 1748; x_wconf 74' lang='grc' dir='ltr'><em>ἐπιλείπειν</em></span> <span class='ocrx_word' id='word_1_227' title='bbox 1288 1712 1326 1745; x_wconf 87' lang='grc' dir='ltr'><strong>Μ</strong></span> <span class='ocrx_word' id='word_1_228' title='bbox 1396 1709 1440 1747; x_wconf 86' lang='grc' dir='ltr'><em>τὸ</em></span> <span class='ocrx_word' id='word_1_229' title='bbox 1467 1709 1624 1752; x_wconf 72' lang='grc' dir='ltr'><em>τούτων]</em></span> <span class='ocrx_word' id='word_1_230' title='bbox 1651 1713 1838 1745; x_wconf 85' lang='grc' dir='ltr'><em>τοσοῦτον</em></span> <span class='ocrx_word' id='word_1_231' title='bbox 1853 1710 1881 1744; x_wconf 90' lang='grc' dir='ltr'>Ρ</span> 
     </span>
     <span class='ocr_line' id='line_1_25' title="bbox 273 1763 1927 1812; baseline -0.002 -10"><span class='ocrx_word' id='word_1_232' title='bbox 273 1763 545 1812; x_wconf 78' lang='grc' dir='ltr'><em>γεννηματικὸν</em></span> <span class='ocrx_word' id='word_1_233' title='bbox 570 1766 663 1802; x_wconf 87' lang='lat' dir='ltr'><em>VRC</em></span> <span class='ocrx_word' id='word_1_234' title='bbox 757 1770 776 1801; x_wconf 86' lang='lat'>2</span> <span class='ocrx_word' id='word_1_235' title='bbox 801 1770 955 1811; x_wconf 78' lang='grc' dir='ltr'><em>μενοῦσι</em></span> <span class='ocrx_word' id='word_1_236' title='bbox 979 1768 1104 1802; x_wconf 84' lang='lat' dir='ltr'>melius</span> <span class='ocrx_word' id='word_1_237' title='bbox 1129 1768 1200 1801; x_wconf 87' lang='lat' dir='ltr'><strong>uid.</strong></span> <span class='ocrx_word' id='word_1_238' title='bbox 1272 1765 1423 1808; x_wconf 75' lang='grc' dir='ltr'><em>ταύταις</em></span> <span class='ocrx_word' id='word_1_239' title='bbox 1449 1787 1488 1791; x_wconf 87' lang='grc'>-</span> <span class='ocrx_word' id='word_1_240' title='bbox 1510 1770 1528 1800; x_wconf 83' lang='grc'><strong>3</strong></span> <span class='ocrx_word' id='word_1_241' title='bbox 1553 1763 1766 1811; x_wconf 70' lang='grc' dir='ltr'><em>ἐπιστήμης]</em></span> <span class='ocrx_word' id='word_1_242' title='bbox 1791 1764 1839 1799; x_wconf 88' lang='lat' dir='ltr'><em>ad</em></span> <span class='ocrx_word' id='word_1_243' title='bbox 1862 1765 1927 1799; x_wconf 79' lang='lat' dir='ltr'><em>has</em></span> 
     </span>
     <span class='ocr_line' id='line_1_26' title="bbox 269 1819 1926 1869; baseline -0.001 -12"><span class='ocrx_word' id='word_1_244' title='bbox 269 1833 396 1868; x_wconf 78' lang='lat' dir='ltr'><em>preces</em></span> <span class='ocrx_word' id='word_1_245' title='bbox 420 1833 470 1857; x_wconf 69' lang='lat' dir='ltr'><em>em</em></span> <span class='ocrx_word' id='word_1_246' title='bbox 495 1823 686 1869; x_wconf 75' lang='lat' dir='ltr'><em>disciplina</em></span> <span class='ocrx_word' id='word_1_247' title='bbox 719 1822 884 1857; x_wconf 68' lang='lat' dir='ltr'><em>manibus</em></span> <span class='ocrx_word' id='word_1_248' title='bbox 908 1834 1050 1868; x_wconf 75' lang='lat' dir='ltr'><em>quoque</em></span> <span class='ocrx_word' id='word_1_249' title='bbox 1073 1823 1185 1857; x_wconf 75' lang='lat' dir='ltr'><em>multa</em></span> <span class='ocrx_word' id='word_1_250' title='bbox 1211 1826 1382 1867; x_wconf 72' lang='lat' dir='ltr'><em>operatus</em></span> <span class='ocrx_word' id='word_1_251' title='bbox 1406 1822 1476 1856; x_wconf 80' lang='lat' dir='ltr'><em>Lat</em></span> <span class='ocrx_word' id='word_1_252' title='bbox 1611 1819 1926 1867; x_wconf 78' lang='grc' dir='ltr'><em>προσχειρουργή-</em></span> 
     </span>
     <span class='ocr_line' id='line_1_27' title="bbox 273 1873 1927 1926; baseline -0.001 -12"><span class='ocrx_word' id='word_1_253' title='bbox 273 1882 354 1920; x_wconf 85' lang='grc' dir='ltr'><em>σας]</em></span> <span class='ocrx_word' id='word_1_254' title='bbox 380 1888 423 1912; x_wconf 83' lang='lat' dir='ltr'><em>ex</em></span> <span class='ocrx_word' id='word_1_255' title='bbox 445 1879 516 1912; x_wconf 80' lang='lat' dir='ltr'><em>Lat</em></span> <span class='ocrx_word' id='word_1_256' title='bbox 540 1878 713 1913; x_wconf 81' lang='lat' dir='ltr'>Destinon</span> <span class='ocrx_word' id='word_1_257' title='bbox 739 1876 1092 1926; x_wconf 59' lang='grc' dir='ltr'><em>προχειρουργιζσασ</em></span> <span class='ocrx_word' id='word_1_258' title='bbox 1117 1877 1312 1912; x_wconf 88' lang='lat' dir='ltr'>PAMLVC</span> <span class='ocrx_word' id='word_1_259' title='bbox 1338 1873 1699 1923; x_wconf 75' lang='grc' dir='ltr'><em>περιχειρουργησασ</em></span> <span class='ocrx_word' id='word_1_260' title='bbox 1722 1877 1755 1911; x_wconf 89' lang='lat' dir='ltr'>R</span> <span class='ocrx_word' id='word_1_261' title='bbox 1824 1879 1842 1910; x_wconf 93' lang='lat'><strong>3</strong></span> <span class='ocrx_word' id='word_1_262' title='bbox 1869 1874 1927 1918; x_wconf 86' lang='grc' dir='ltr'><em>τὸ]</em></span> 
     </span>
     <span class='ocr_line' id='line_1_28' title="bbox 272 1929 1846 1980; baseline 0 -13"><span class='ocrx_word' id='word_1_263' title='bbox 272 1931 317 1970; x_wconf 86' lang='grc' dir='ltr'><em>τὸ</em></span> <span class='ocrx_word' id='word_1_264' title='bbox 342 1934 412 1978; x_wconf 76' lang='grc' dir='ltr'><em>μὲν</em></span> <span class='ocrx_word' id='word_1_265' title='bbox 427 1934 521 1969; x_wconf 91' lang='lat' dir='ltr'><em>PAL</em></span> <span class='ocrx_word' id='word_1_266' title='bbox 608 1930 820 1980; x_wconf 79' lang='grc' dir='ltr'><em>ὀρφανείασ</em></span> <span class='ocrx_word' id='word_1_267' title='bbox 844 1935 873 1968; x_wconf 92' lang='lat' dir='ltr'>L</span> <span class='ocrx_word' id='word_1_268' title='bbox 959 1931 1097 1976; x_wconf 77' lang='grc' dir='ltr'><em>αὐτοῖς]</em></span> <span class='ocrx_word' id='word_1_269' title='bbox 1124 1947 1164 1970; x_wconf 78' lang='grc' dir='ltr'><em>τε</em></span> <span class='ocrx_word' id='word_1_270' title='bbox 1189 1933 1217 1966; x_wconf 90' lang='lat' dir='ltr'>L</span> <span class='ocrx_word' id='word_1_271' title='bbox 1243 1933 1298 1967; x_wconf 72' lang='lat' dir='ltr'><em>his</em></span> <span class='ocrx_word' id='word_1_272' title='bbox 1321 1932 1392 1966; x_wconf 76' lang='lat' dir='ltr'><em>Lat</em></span> <span class='ocrx_word' id='word_1_273' title='bbox 1477 1937 1495 1966; x_wconf 85' lang='lat'>5</span> <span class='ocrx_word' id='word_1_274' title='bbox 1521 1929 1572 1974; x_wconf 80' lang='grc' dir='ltr'><em>ὡς</em></span> <span class='ocrx_word' id='word_1_275' title='bbox 1596 1931 1641 1973; x_wconf 72' lang='grc' dir='ltr'><em>εἰ]</em></span> <span class='ocrx_word' id='word_1_276' title='bbox 1666 1929 1756 1968; x_wconf 73' lang='grc' dir='ltr'><em>ὡσεὶ</em></span> <span class='ocrx_word' id='word_1_277' title='bbox 1780 1932 1846 1967; x_wconf 92' lang='lat' dir='ltr'><em>VR</em></span> 
     </span>
     <span class='ocr_line' id='line_1_29' title="bbox 274 1986 1929 2036; baseline -0.001 -12"><span class='ocrx_word' id='word_1_278' title='bbox 274 1992 293 2023; x_wconf 88' lang='lat'>6</span> <span class='ocrx_word' id='word_1_279' title='bbox 319 1993 394 2035; x_wconf 86' lang='grc' dir='ltr'><em>τῆς]</em></span> <span class='ocrx_word' id='word_1_280' title='bbox 419 1997 505 2026; x_wconf 87' lang='grc' dir='ltr'><em>τοῖσ</em></span> <span class='ocrx_word' id='word_1_281' title='bbox 529 1993 597 2036; x_wconf 87' lang='grc' dir='ltr'><em>τῆσ</em></span> <span class='ocrx_word' id='word_1_282' title='bbox 620 1990 650 2025; x_wconf 90' lang='lat' dir='ltr'>L</span> <span class='ocrx_word' id='word_1_283' title='bbox 721 1993 809 2032; x_wconf 79' lang='grc' dir='ltr'><em>τῶν]</em></span> <span class='ocrx_word' id='word_1_284' title='bbox 835 1994 888 2026; x_wconf 82' lang='grc' dir='ltr'><em>τῶ</em></span> <span class='ocrx_word' id='word_1_285' title='bbox 912 1990 944 2024; x_wconf 89' lang='lat' dir='ltr'><strong>V</strong></span> <span class='ocrx_word' id='word_1_286' title='bbox 1019 1993 1096 2025; x_wconf 81' lang='grc' dir='ltr'><em>τῶν</em></span> <span class='ocrx_word' id='word_1_287' title='bbox 1122 2010 1159 2014; x_wconf 93' lang='grc'><strong>-</strong></span> <span class='ocrx_word' id='word_1_288' title='bbox 1187 1986 1456 2035; x_wconf 78' lang='grc' dir='ltr'><em>χρονιζόντων]</em></span> <span class='ocrx_word' id='word_1_289' title='bbox 1480 1988 1585 2033; x_wconf 68' lang='lat' dir='ltr'><em>aquis</em></span> <span class='ocrx_word' id='word_1_290' title='bbox 1608 1988 1670 2022; x_wconf 79' lang='lat' dir='ltr'><em>diu</em></span> <span class='ocrx_word' id='word_1_291' title='bbox 1692 1999 1929 2033; x_wconf 69' lang='lat' dir='ltr'><em>perseueran-</em></span> 
     </span>
    </p>
   </div>
   <div class='ocr_carea' id='block_1_5' title="bbox 271 2041 1928 2204">
    <p class='ocr_par' dir='ltr' id='par_1_6' title="bbox 271 2041 1928 2204">
     <span class='ocr_line' id='line_1_30' title="bbox 271 2041 1926 2091; baseline -0.001 -11"><span class='ocrx_word' id='word_1_292' title='bbox 271 2045 365 2080; x_wconf 68' lang='lat' dir='ltr'><em>tz‘bus</em></span> <span class='ocrx_word' id='word_1_293' title='bbox 387 2046 458 2080; x_wconf 80' lang='lat' dir='ltr'><em>Lat</em></span> <span class='ocrx_word' id='word_1_294' title='bbox 490 2058 595 2091; x_wconf 80' lang='lat' dir='ltr'><em>quam</em></span> <span class='ocrx_word' id='word_1_295' title='bbox 627 2047 687 2081; x_wconf 72' lang='lat' dir='ltr'><em>ubi</em></span> <span class='ocrx_word' id='word_1_296' title='bbox 719 2047 854 2081; x_wconf 74' lang='lat' dir='ltr'><em>diutius</em></span> <span class='ocrx_word' id='word_1_297' title='bbox 886 2047 1097 2091; x_wconf 68' lang='lat' dir='ltr'><em>2⁶7·7·i9aue7·2&#39;c</em></span> <span class='ocrx_word' id='word_1_298' title='bbox 1123 2046 1197 2088; x_wconf 81' lang='lat' dir='ltr'><em>Heg</em></span> <span class='ocrx_word' id='word_1_299' title='bbox 1335 2041 1465 2089; x_wconf 82' lang='grc' dir='ltr'><em>κόρου]</em></span> <span class='ocrx_word' id='word_1_300' title='bbox 1498 2047 1632 2089; x_wconf 83' lang='grc' dir='ltr'><em>καιροῦ</em></span> <span class='ocrx_word' id='word_1_301' title='bbox 1656 2044 1685 2077; x_wconf 92' lang='lat' dir='ltr'>L</span> <span class='ocrx_word' id='word_1_302' title='bbox 1720 2047 1756 2079; x_wconf 78' lang='lat' dir='ltr'><em>et</em></span> <span class='ocrx_word' id='word_1_303' title='bbox 1786 2049 1826 2078; x_wconf 83' lang='lat' dir='ltr'><em>ut</em></span> <span class='ocrx_word' id='word_1_304' title='bbox 1857 2045 1926 2079; x_wconf 86' lang='lat' dir='ltr'><strong>uid.</strong></span> 
     </span>
     <span class='ocr_line' id='line_1_31' title="bbox 271 2100 1928 2149; baseline 0 -13"><span class='ocrx_word' id='word_1_305' title='bbox 271 2102 341 2136; x_wconf 83' lang='lat' dir='ltr'><em>Lat</em></span> <span class='ocrx_word' id='word_1_306' title='bbox 453 2100 724 2149; x_wconf 81' lang='grc' dir='ltr'><em>χρονιζόντων]</em></span> <span class='ocrx_word' id='word_1_307' title='bbox 756 2100 987 2146; x_wconf 82' lang='grc' dir='ltr'><em>νοτιζόντων</em></span> <span class='ocrx_word' id='word_1_308' title='bbox 1010 2101 1184 2135; x_wconf 79' lang='lat' dir='ltr'>Destinon</span> <span class='ocrx_word' id='word_1_309' title='bbox 1298 2103 1315 2133; x_wconf 81' lang='lat'>7</span> <span class='ocrx_word' id='word_1_310' title='bbox 1349 2100 1417 2144; x_wconf 79' lang='grc' dir='ltr'><em>μὲν</em></span> <span class='ocrx_word' id='word_1_311' title='bbox 1447 2110 1514 2134; x_wconf 91' lang='lat' dir='ltr'><em>om.</em></span> <span class='ocrx_word' id='word_1_312' title='bbox 1540 2100 1599 2133; x_wconf 90' lang='lat' dir='ltr'><em>PL</em></span> <span class='ocrx_word' id='word_1_313' title='bbox 1715 2100 1928 2146; x_wconf 74' lang='grc' dir='ltr'><em>δαψιλέστε-</em></span> 
     </span>
     <span class='ocr_line' id='line_1_32' title="bbox 272 2155 1928 2204; baseline -0.002 -10"><span class='ocrx_word' id='word_1_314' title='bbox 272 2172 349 2202; x_wconf 87' lang='grc' dir='ltr'><em>ρων</em></span> <span class='ocrx_word' id='word_1_315' title='bbox 373 2158 406 2192; x_wconf 87' lang='lat' dir='ltr'>R</span> <span class='ocrx_word' id='word_1_316' title='bbox 432 2159 705 2204; x_wconf 76' lang='grc' dir='ltr'><em>δαψιλέστερον</em></span> <span class='ocrx_word' id='word_1_317' title='bbox 729 2159 878 2202; x_wconf 85' lang='lat' dir='ltr'>VCLips</span> <span class='ocrx_word' id='word_1_318' title='bbox 907 2157 1162 2204; x_wconf 77' lang='grc' dir='ltr'><em>δαψιλεστέρῳ</em></span> <span class='ocrx_word' id='word_1_319' title='bbox 1186 2156 1293 2191; x_wconf 81' lang='lat' dir='ltr'>Niese</span> <span class='ocrx_word' id='word_1_320' title='bbox 1426 2155 1621 2201; x_wconf 75' lang='grc' dir='ltr'><em>χεομένων</em></span> <span class='ocrx_word' id='word_1_321' title='bbox 1651 2158 1705 2196; x_wconf 77' lang='grc' dir='ltr'><em>(εο</em></span> <span class='ocrx_word' id='word_1_322' title='bbox 1731 2156 1752 2190; x_wconf 94' lang='lat' dir='ltr'><em>i.</em></span> <span class='ocrx_word' id='word_1_323' title='bbox 1778 2159 1863 2199; x_wconf 82' lang='lat' dir='ltr'><strong>ras.)</strong></span> <span class='ocrx_word' id='word_1_324' title='bbox 1895 2156 1928 2189; x_wconf 82' lang='lat' dir='ltr'>R</span> 
     </span>
    </p>
   </div>
   <div class='ocr_carea' id='block_1_6' title="bbox 272 2205 1928 2930">
    <p class='ocr_par' dir='ltr' id='par_1_7' title="bbox 272 2205 1928 2427">
     <span class='ocr_line' id='line_1_33' title="bbox 273 2205 1928 2261; baseline -0.002 -11"><span class='ocrx_word' id='word_1_325' title='bbox 273 2214 458 2259; x_wconf 83' lang='grc' dir='ltr'><em>χωμένων</em></span> <span class='ocrx_word' id='word_1_326' title='bbox 474 2225 567 2249; x_wconf 87' lang='lat' dir='ltr'>man.</span> <span class='ocrx_word' id='word_1_327' title='bbox 590 2219 603 2250; x_wconf 87' lang='lat'>1</span> <span class='ocrx_word' id='word_1_328' title='bbox 619 2215 707 2259; x_wconf 90' lang='lat' dir='ltr'>Lips</span> <span class='ocrx_word' id='word_1_329' title='bbox 756 2210 862 2261; x_wconf 82' lang='grc' dir='ltr'><em>ὀλίγη</em></span> <span class='ocrx_word' id='word_1_330' title='bbox 878 2213 982 2250; x_wconf 78' lang='grc' dir='ltr'><em>ἐστίν</em></span> <span class='ocrx_word' id='word_1_331' title='bbox 999 2218 1041 2248; x_wconf 83' lang='lat' dir='ltr'><em>tr.</em></span> <span class='ocrx_word' id='word_1_332' title='bbox 1055 2213 1156 2248; x_wconf 83' lang='lat' dir='ltr'><em>PAM</em></span> <span class='ocrx_word' id='word_1_333' title='bbox 1205 2214 1222 2246; x_wconf 85' lang='lat' dir='ltr'>S</span> <span class='ocrx_word' id='word_1_334' title='bbox 1241 2205 1426 2247; x_wconf 68' lang='grc' dir='ltr'><em>τούτου-</em></span> <span class='ocrx_word' id='word_1_335' title='bbox 1440 2208 1581 2257; x_wconf 79' lang='grc' dir='ltr'><em>ὀλίγου]</em></span> <span class='ocrx_word' id='word_1_336' title='bbox 1600 2212 1662 2256; x_wconf 74' lang='lat' dir='ltr'><em>qui</em></span> <span class='ocrx_word' id='word_1_337' title='bbox 1678 2222 1764 2246; x_wconf 76' lang='lat' dir='ltr'><em>uero</em></span> <span class='ocrx_word' id='word_1_338' title='bbox 1777 2213 1928 2258; x_wconf 77' lang='lat' dir='ltr'><em>parcius</em></span> 
     </span>
     <span class='ocr_line' id='line_1_34' title="bbox 272 2264 1926 2318; baseline -0.001 -15"><span class='ocrx_word' id='word_1_339' title='bbox 272 2273 450 2312; x_wconf 75' lang='lat' dir='ltr'><em>(utuntur)</em></span> <span class='ocrx_word' id='word_1_340' title='bbox 467 2270 538 2305; x_wconf 84' lang='lat' dir='ltr'><em>Lat</em></span> <span class='ocrx_word' id='word_1_341' title='bbox 555 2273 632 2307; x_wconf 82' lang='grc' dir='ltr'><em>τῶν</em></span> <span class='ocrx_word' id='word_1_342' title='bbox 656 2267 694 2306; x_wconf 77' lang='grc' dir='ltr'><em>δ’</em></span> <span class='ocrx_word' id='word_1_343' title='bbox 720 2266 835 2318; x_wconf 77' lang='grc' dir='ltr'><em>ὀλίγῳ</em></span> <span class='ocrx_word' id='word_1_344' title='bbox 859 2274 922 2305; x_wconf 86' lang='lat' dir='ltr'><em>aut</em></span> <span class='ocrx_word' id='word_1_345' title='bbox 946 2273 1014 2306; x_wconf 82' lang='grc' dir='ltr'><em>τοῦ</em></span> <span class='ocrx_word' id='word_1_346' title='bbox 1039 2265 1072 2305; x_wconf 65' lang='grc' dir='ltr'><em>δ’</em></span> <span class='ocrx_word' id='word_1_347' title='bbox 1102 2264 1232 2314; x_wconf 68' lang='grc' dir='ltr'><em>ὀλίγον</em></span> <span class='ocrx_word' id='word_1_348' title='bbox 1253 2268 1359 2302; x_wconf 80' lang='lat' dir='ltr'>Niese</span> <span class='ocrx_word' id='word_1_349' title='bbox 1426 2269 1598 2314; x_wconf 78' lang='grc' dir='ltr'><em>χορηγία]</em></span> <span class='ocrx_word' id='word_1_350' title='bbox 1617 2267 1685 2301; x_wconf 83' lang='grc' dir='ltr'><em>ΡΜ</em></span> <span class='ocrx_word' id='word_1_351' title='bbox 1710 2271 1744 2301; x_wconf 83' lang='lat' dir='ltr'><em>et</em></span> <span class='ocrx_word' id='word_1_352' title='bbox 1769 2277 1812 2302; x_wconf 84' lang='lat' dir='ltr'><em>ex</em></span> <span class='ocrx_word' id='word_1_353' title='bbox 1835 2278 1926 2302; x_wconf 85' lang='lat' dir='ltr'><strong>corr.</strong></span> 
     </span>
     <span class='ocr_line' id='line_1_35' title="bbox 273 2322 1927 2373; baseline 0 -13"><span class='ocrx_word' id='word_1_354' title='bbox 273 2327 305 2360; x_wconf 94' lang='lat' dir='ltr'>A</span> <span class='ocrx_word' id='word_1_355' title='bbox 330 2322 350 2372; x_wconf 73' lang='grc' dir='ltr'>ἡ</span> <span class='ocrx_word' id='word_1_356' title='bbox 373 2328 533 2373; x_wconf 85' lang='grc' dir='ltr'><em>χορηγία</em></span> <span class='ocrx_word' id='word_1_357' title='bbox 556 2327 597 2369; x_wconf 90' lang='lat' dir='ltr'><em>L,</em></span> <span class='ocrx_word' id='word_1_358' title='bbox 624 2337 691 2361; x_wconf 89' lang='lat' dir='ltr'><em>om.</em></span> <span class='ocrx_word' id='word_1_359' title='bbox 718 2327 935 2362; x_wconf 83' lang='lat' dir='ltr'><em>A¹VROLat</em></span> <span class='ocrx_word' id='word_1_360' title='bbox 1027 2327 1181 2362; x_wconf 75' lang='grc' dir='ltr'><em>πλείονα</em></span> <span class='ocrx_word' id='word_1_361' title='bbox 1206 2324 1244 2358; x_wconf 90' lang='grc' dir='ltr'>Μ</span> <span class='ocrx_word' id='word_1_362' title='bbox 1269 2323 1384 2359; x_wconf 90' lang='grc' dir='ltr'><em>πλέον</em></span> <span class='ocrx_word' id='word_1_363' title='bbox 1407 2323 1437 2357; x_wconf 89' lang='lat' dir='ltr'>L</span> <span class='ocrx_word' id='word_1_364' title='bbox 1530 2323 1671 2359; x_wconf 78' lang='grc' dir='ltr'><em>πλέονα</em></span> <span class='ocrx_word' id='word_1_365' title='bbox 1697 2327 1785 2365; x_wconf 81' lang='grc' dir='ltr'><em>τῶν]</em></span> <span class='ocrx_word' id='word_1_366' title='bbox 1811 2323 1927 2360; x_wconf 81' lang='grc' dir='ltr'><em>πλέον</em></span> 
     </span>
     <span class='ocr_line' id='line_1_36' title="bbox 274 2378 1814 2427; baseline -0.003 -9"><span class='ocrx_word' id='word_1_367' title='bbox 274 2378 399 2418; x_wconf 74' lang='grc' dir='ltr'><em>αὐτῶν</em></span> <span class='ocrx_word' id='word_1_368' title='bbox 421 2382 455 2417; x_wconf 89' lang='lat' dir='ltr'>R</span> <span class='ocrx_word' id='word_1_369' title='bbox 572 2386 591 2417; x_wconf 85' lang='lat'>9</span> <span class='ocrx_word' id='word_1_370' title='bbox 625 2380 749 2419; x_wconf 72' lang='grc' dir='ltr'><em>ἄλλων</em></span> <span class='ocrx_word' id='word_1_371' title='bbox 780 2379 970 2424; x_wconf 79' lang='grc' dir='ltr'><em>ἁπάντων]</em></span> <span class='ocrx_word' id='word_1_372' title='bbox 996 2393 1104 2427; x_wconf 77' lang='lat' dir='ltr'><em>quam</em></span> <span class='ocrx_word' id='word_1_373' title='bbox 1128 2382 1238 2416; x_wconf 76' lang='lat' dir='ltr'><em>ceteri</em></span> <span class='ocrx_word' id='word_1_374' title='bbox 1256 2380 1379 2424; x_wconf 74' lang='lat' dir='ltr'><em>fontes</em></span> <span class='ocrx_word' id='word_1_375' title='bbox 1401 2379 1472 2413; x_wconf 80' lang='lat' dir='ltr'><em>Lat</em></span> <span class='ocrx_word' id='word_1_376' title='bbox 1496 2381 1531 2414; x_wconf 83' lang='lat' dir='ltr'><em>et</em></span> <span class='ocrx_word' id='word_1_377' title='bbox 1555 2380 1715 2414; x_wconf 83' lang='lat' dir='ltr'>similiter</span> <span class='ocrx_word' id='word_1_378' title='bbox 1738 2380 1814 2423; x_wconf 85' lang='lat' dir='ltr'><em>Heg</em></span> 
     </span>
    </p>

    <p class='ocr_par' dir='ltr' id='par_1_8' title="bbox 272 2433 1928 2654">
     <span class='ocr_line' id='line_1_37' title="bbox 276 2433 1928 2481; baseline -0.002 -8"><span class='ocrx_word' id='word_1_379' title='bbox 276 2442 315 2472; x_wconf 89' lang='lat'><em>10</em></span> <span class='ocrx_word' id='word_1_380' title='bbox 347 2434 382 2474; x_wconf 76' lang='grc' dir='ltr'><em>δ’</em></span> <span class='ocrx_word' id='word_1_381' title='bbox 412 2436 565 2479; x_wconf 75' lang='grc' dir='ltr'><em>εἴκοσιν]</em></span> <span class='ocrx_word' id='word_1_382' title='bbox 591 2439 629 2474; x_wconf 78' lang='grc' dir='ltr'><em>δὲ</em></span> <span class='ocrx_word' id='word_1_383' title='bbox 653 2436 795 2475; x_wconf 71' lang='grc' dir='ltr'><em>εἴκοσιν</em></span> <span class='ocrx_word' id='word_1_384' title='bbox 819 2442 873 2480; x_wconf 88' lang='grc'><em>(-</em></span> <span class='ocrx_word' id='word_1_385' title='bbox 890 2451 925 2474; x_wconf 90' lang='grc' dir='ltr'><em>σι</em></span> <span class='ocrx_word' id='word_1_386' title='bbox 949 2437 1060 2479; x_wconf 89' lang='lat' dir='ltr'><em>LVR)</em></span> <span class='ocrx_word' id='word_1_387' title='bbox 1084 2435 1283 2471; x_wconf 81' lang='lat' dir='ltr'><em>AMLVRC</em></span> <span class='ocrx_word' id='word_1_388' title='bbox 1353 2433 1534 2481; x_wconf 76' lang='grc' dir='ltr'><em>ἐκτρέφει]</em></span> <span class='ocrx_word' id='word_1_389' title='bbox 1561 2434 1751 2481; x_wconf 80' lang='grc' dir='ltr'><em>έπιτρέφει</em></span> <span class='ocrx_word' id='word_1_390' title='bbox 1776 2435 1928 2470; x_wconf 82' lang='lat' dir='ltr'>Dindorf</span> 
     </span>
     <span class='ocr_line' id='line_1_38' title="bbox 273 2488 1864 2535; baseline -0.003 -7"><span class='ocrx_word' id='word_1_391' title='bbox 273 2503 317 2528; x_wconf 81' lang='lat' dir='ltr'><em>ex</em></span> <span class='ocrx_word' id='word_1_392' title='bbox 343 2494 419 2529; x_wconf 87' lang='lat' dir='ltr'><strong>cod.</strong></span> <span class='ocrx_word' id='word_1_393' title='bbox 445 2493 487 2528; x_wconf 90' lang='lat' dir='ltr'><em>L.</em></span> <span class='ocrx_word' id='word_1_394' title='bbox 512 2494 554 2529; x_wconf 90' lang='lat' dir='ltr'><em>B.</em></span> <span class='ocrx_word' id='word_1_395' title='bbox 619 2490 666 2535; x_wconf 79' lang='grc' dir='ltr'><em>δ’]</em></span> <span class='ocrx_word' id='word_1_396' title='bbox 692 2494 729 2530; x_wconf 74' lang='grc' dir='ltr'><em>δὲ</em></span> <span class='ocrx_word' id='word_1_397' title='bbox 752 2495 783 2528; x_wconf 92' lang='lat' dir='ltr'>L</span> <span class='ocrx_word' id='word_1_398' title='bbox 809 2490 846 2530; x_wconf 77' lang='grc' dir='ltr'><em>τ’</em></span> <span class='ocrx_word' id='word_1_399' title='bbox 871 2494 944 2529; x_wconf 90' lang='lat' dir='ltr'><em>AM</em></span> <span class='ocrx_word' id='word_1_400' title='bbox 969 2507 1009 2529; x_wconf 79' lang='grc' dir='ltr'><em>τε</em></span> <span class='ocrx_word' id='word_1_401' title='bbox 1033 2493 1127 2529; x_wconf 87' lang='lat' dir='ltr'><em>VRC</em></span> <span class='ocrx_word' id='word_1_402' title='bbox 1194 2495 1230 2526; x_wconf 87' lang='lat'><em>11</em></span> <span class='ocrx_word' id='word_1_403' title='bbox 1258 2491 1307 2532; x_wconf 76' lang='grc' dir='ltr'><em>δὲ]</em></span> <span class='ocrx_word' id='word_1_404' title='bbox 1333 2504 1371 2526; x_wconf 83' lang='grc' dir='ltr'><em>τε</em></span> <span class='ocrx_word' id='word_1_405' title='bbox 1397 2491 1501 2525; x_wconf 87' lang='grc' dir='ltr'><em>ΡΑΜ</em></span> <span class='ocrx_word' id='word_1_406' title='bbox 1563 2488 1684 2528; x_wconf 76' lang='grc' dir='ltr'><em>πολλὰ</em></span> <span class='ocrx_word' id='word_1_407' title='bbox 1710 2502 1778 2526; x_wconf 88' lang='lat' dir='ltr'><em>om.</em></span> <span class='ocrx_word' id='word_1_408' title='bbox 1795 2491 1864 2526; x_wconf 79' lang='lat' dir='ltr'><em>Lat</em></span> 
     </span>
     <span class='ocr_line' id='line_1_39' title="bbox 277 2544 1925 2597; baseline 0.002 -13"><span class='ocrx_word' id='word_1_409' title='bbox 277 2552 316 2584; x_wconf 87' lang='grc'><em>12</em></span> <span class='ocrx_word' id='word_1_410' title='bbox 349 2551 612 2596; x_wconf 85' lang='grc' dir='ltr'><em>παρηγορίαις]</em></span> <span class='ocrx_word' id='word_1_411' title='bbox 637 2551 839 2585; x_wconf 77' lang='lat' dir='ltr'><em>nominibus</em></span> <span class='ocrx_word' id='word_1_412' title='bbox 862 2550 932 2585; x_wconf 81' lang='lat' dir='ltr'><em>Lat</em></span> <span class='ocrx_word' id='word_1_413' title='bbox 955 2549 1227 2597; x_wconf 84' lang='grc' dir='ltr'><em>προσηγορίαις</em></span> <span class='ocrx_word' id='word_1_414' title='bbox 1251 2547 1357 2581; x_wconf 77' lang='lat' dir='ltr'>Niese</span> <span class='ocrx_word' id='word_1_415' title='bbox 1449 2544 1632 2591; x_wconf 72' lang='grc' dir='ltr'><em>πιότεροι]</em></span> <span class='ocrx_word' id='word_1_416' title='bbox 1657 2545 1872 2593; x_wconf 68' lang='grc' dir='ltr'><em>πλειόῖέρθι</em></span> <span class='ocrx_word' id='word_1_417' title='bbox 1896 2547 1925 2581; x_wconf 80' lang='lat' dir='ltr'>L</span> 
     </span>
     <span class='ocr_line' id='line_1_40' title="bbox 272 2598 1846 2654; baseline -0.002 -14"><span class='ocrx_word' id='word_1_418' title='bbox 272 2601 452 2651; x_wconf 81' lang='grc' dir='ltr'><em>πιώτεροι</em></span> <span class='ocrx_word' id='word_1_419' title='bbox 464 2605 531 2639; x_wconf 90' lang='lat' dir='ltr'><em>VR</em></span> <span class='ocrx_word' id='word_1_420' title='bbox 615 2608 654 2640; x_wconf 88' lang='lat'><em>13</em></span> <span class='ocrx_word' id='word_1_421' title='bbox 669 2608 810 2654; x_wconf 77' lang='grc' dir='ltr'><em>πολλῷ]</em></span> <span class='ocrx_word' id='word_1_422' title='bbox 823 2606 919 2642; x_wconf 83' lang='grc' dir='ltr'><em>πολὺ</em></span> <span class='ocrx_word' id='word_1_423' title='bbox 932 2606 962 2639; x_wconf 94' lang='lat' dir='ltr'>L</span> <span class='ocrx_word' id='word_1_424' title='bbox 1044 2606 1112 2640; x_wconf 86' lang='grc' dir='ltr'><em>τοῦ</em></span> <span class='ocrx_word' id='word_1_425' title='bbox 1125 2606 1270 2644; x_wconf 83' lang='grc' dir='ltr'><em>λοιποῦ]</em></span> <span class='ocrx_word' id='word_1_426' title='bbox 1285 2598 1532 2648; x_wconf 78' lang='grc' dir='ltr'><em>τοῦῪβλαιόυ</em></span> <span class='ocrx_word' id='word_1_427' title='bbox 1547 2604 1599 2637; x_wconf 84' lang='lat' dir='ltr'><em>uel</em></span> <span class='ocrx_word' id='word_1_428' title='bbox 1618 2603 1729 2638; x_wconf 83' lang='lat' dir='ltr'>simile</span> <span class='ocrx_word' id='word_1_429' title='bbox 1739 2602 1846 2637; x_wconf 85' lang='lat' dir='ltr'>Niese</span> 
     </span>
    </p>

    <p class='ocr_par' dir='ltr' id='par_1_9' title="bbox 272 2656 1926 2930">
     <span class='ocr_line' id='line_1_41' title="bbox 276 2656 1926 2708; baseline -0.002 -13"><span class='ocrx_word' id='word_1_430' title='bbox 276 2663 316 2694; x_wconf 87' lang='lat'><em>14</em></span> <span class='ocrx_word' id='word_1_431' title='bbox 340 2657 622 2707; x_wconf 76' lang='grc' dir='ltr'><em>μελιτοτρόφοσ</em></span> <span class='ocrx_word' id='word_1_432' title='bbox 642 2661 744 2696; x_wconf 85' lang='lat' dir='ltr'><em>LLat</em></span> <span class='ocrx_word' id='word_1_433' title='bbox 813 2657 850 2697; x_wconf 78' lang='grc' dir='ltr'><em>δ’</em></span> <span class='ocrx_word' id='word_1_434' title='bbox 874 2662 904 2695; x_wconf 97' lang='lat' dir='ltr'>L</span> <span class='ocrx_word' id='word_1_435' title='bbox 977 2657 1178 2708; x_wconf 76' lang='grc' dir='ltr'><em>ὀποβάλσα</em></span> <span class='ocrx_word' id='word_1_436' title='bbox 1202 2659 1250 2694; x_wconf 88' lang='lat' dir='ltr'><em>R¹</em></span> <span class='ocrx_word' id='word_1_437' title='bbox 1322 2661 1361 2693; x_wconf 85' lang='lat'><em>15</em></span> <span class='ocrx_word' id='word_1_438' title='bbox 1394 2661 1470 2693; x_wconf 78' lang='grc' dir='ltr'><em>τῶν</em></span> <span class='ocrx_word' id='word_1_439' title='bbox 1494 2669 1561 2693; x_wconf 90' lang='lat' dir='ltr'><em>om.</em></span> <span class='ocrx_word' id='word_1_440' title='bbox 1589 2658 1616 2692; x_wconf 83' lang='lat' dir='ltr'>O</span> <span class='ocrx_word' id='word_1_441' title='bbox 1684 2656 1864 2706; x_wconf 79' lang='grc' dir='ltr'><em>κύπειρον</em></span> <span class='ocrx_word' id='word_1_442' title='bbox 1887 2658 1926 2692; x_wconf 89' lang='lat' dir='ltr'>M</span> 
     </span>
     <span class='ocr_line' id='line_1_42' title="bbox 273 2709 1835 2760; baseline -0.002 -10"><span class='ocrx_word' id='word_1_443' title='bbox 273 2716 448 2760; x_wconf 83' lang='lat' dir='ltr'>probante</span> <span class='ocrx_word' id='word_1_444' title='bbox 471 2717 709 2752; x_wconf 81' lang='lat' dir='ltr'>Herwerdeno</span> <span class='ocrx_word' id='word_1_445' title='bbox 802 2730 842 2753; x_wconf 78' lang='grc' dir='ltr'><em>τε</em></span> <span class='ocrx_word' id='word_1_446' title='bbox 871 2719 934 2753; x_wconf 87' lang='grc' dir='ltr'><em>καὶ</em></span> <span class='ocrx_word' id='word_1_447' title='bbox 966 2727 1033 2751; x_wconf 90' lang='lat' dir='ltr'><em>om.</em></span> <span class='ocrx_word' id='word_1_448' title='bbox 1059 2716 1129 2750; x_wconf 81' lang='lat' dir='ltr'><em>Lat</em></span> <span class='ocrx_word' id='word_1_449' title='bbox 1222 2717 1262 2749; x_wconf 87' lang='lat'><em>18</em></span> <span class='ocrx_word' id='word_1_450' title='bbox 1294 2712 1402 2750; x_wconf 69' lang='grc' dir='ltr'><em>ἕνεκα</em></span> <span class='ocrx_word' id='word_1_451' title='bbox 1427 2714 1456 2746; x_wconf 90' lang='lat' dir='ltr'>L</span> <span class='ocrx_word' id='word_1_452' title='bbox 1550 2709 1618 2749; x_wconf 76' lang='grc' dir='ltr'><em>οὐκ</em></span> <span class='ocrx_word' id='word_1_453' title='bbox 1648 2711 1706 2756; x_wconf 68' lang='grc' dir='ltr'><em>ἂν]</em></span> <span class='ocrx_word' id='word_1_454' title='bbox 1737 2710 1781 2750; x_wconf 80' lang='grc' dir='ltr'><em>οὐ</em></span> <span class='ocrx_word' id='word_1_455' title='bbox 1803 2716 1835 2747; x_wconf 87' lang='grc' dir='ltr'><strong>Α</strong></span> 
     </span>
     <span class='ocr_line' id='line_1_43' title="bbox 273 2766 1923 2817; baseline -0.002 -10"><span class='ocrx_word' id='word_1_456' title='bbox 273 2774 394 2817; x_wconf 74' lang='grc' dir='ltr'><em>κλῆμα</em></span> <span class='ocrx_word' id='word_1_457' title='bbox 419 2772 450 2806; x_wconf 92' lang='lat' dir='ltr'>V</span> <span class='ocrx_word' id='word_1_458' title='bbox 545 2776 584 2806; x_wconf 84' lang='grc'><strong>19</strong></span> <span class='ocrx_word' id='word_1_459' title='bbox 619 2766 718 2808; x_wconf 55' lang='grc' dir='ltr'><em>οὕτω</em></span> <span class='ocrx_word' id='word_1_460' title='bbox 743 2772 837 2807; x_wconf 87' lang='lat' dir='ltr'><em>VRC</em></span> <span class='ocrx_word' id='word_1_461' title='bbox 930 2769 974 2808; x_wconf 88' lang='grc' dir='ltr'><em>τὸ</em></span> <span class='ocrx_word' id='word_1_462' title='bbox 1008 2772 1151 2806; x_wconf 81' lang='lat' dir='ltr'>iterauit</span> <span class='ocrx_word' id='word_1_463' title='bbox 1175 2771 1200 2805; x_wconf 89' lang='lat' dir='ltr'>C</span> <span class='ocrx_word' id='word_1_464' title='bbox 1294 2766 1521 2806; x_wconf 66' lang='grc' dir='ltr'><em>ἀποδίδωσιν</em></span> <span class='ocrx_word' id='word_1_465' title='bbox 1545 2769 1610 2804; x_wconf 88' lang='lat' dir='ltr'><em>VR</em></span> <span class='ocrx_word' id='word_1_466' title='bbox 1703 2766 1824 2805; x_wconf 76' lang='grc' dir='ltr'><em>αἴτιόν</em></span> <span class='ocrx_word' id='word_1_467' title='bbox 1846 2772 1923 2812; x_wconf 89' lang='grc' dir='ltr'><em>μοι]</em></span> 
     </span>
     <span class='ocr_line' id='line_1_44' title="bbox 274 2822 1923 2872; baseline -0.004 -8"><span class='ocrx_word' id='word_1_468' title='bbox 274 2825 396 2864; x_wconf 62' lang='grc' dir='ltr'><em>αἴτιον</em></span> <span class='ocrx_word' id='word_1_469' title='bbox 419 2826 504 2872; x_wconf 80' lang='grc' dir='ltr'><em>ἐμοὶ</em></span> <span class='ocrx_word' id='word_1_470' title='bbox 528 2828 557 2862; x_wconf 94' lang='lat' dir='ltr'>L</span> <span class='ocrx_word' id='word_1_471' title='bbox 583 2825 703 2863; x_wconf 76' lang='grc' dir='ltr'><em>αἴτιον</em></span> <span class='ocrx_word' id='word_1_472' title='bbox 728 2828 765 2864; x_wconf 82' lang='grc' dir='ltr'><em>δέ</em></span> <span class='ocrx_word' id='word_1_473' title='bbox 788 2841 853 2872; x_wconf 89' lang='grc' dir='ltr'><em>μοι</em></span> <span class='ocrx_word' id='word_1_474' title='bbox 879 2828 905 2862; x_wconf 90' lang='lat' dir='ltr'>C</span> <span class='ocrx_word' id='word_1_475' title='bbox 1044 2831 1085 2861; x_wconf 82' lang='lat'><em>20</em></span> <span class='ocrx_word' id='word_1_476' title='bbox 1111 2824 1278 2868; x_wconf 76' lang='grc' dir='ltr'><em>εὔτονον]</em></span> <span class='ocrx_word' id='word_1_477' title='bbox 1310 2826 1331 2860; x_wconf 87' lang='lat' dir='ltr'><em>i.</em></span> <span class='ocrx_word' id='word_1_478' title='bbox 1364 2835 1473 2869; x_wconf 84' lang='lat' dir='ltr'>marg.</span> <span class='ocrx_word' id='word_1_479' title='bbox 1498 2825 1599 2859; x_wconf 91' lang='lat' dir='ltr'><em>PAM</em></span> <span class='ocrx_word' id='word_1_480' title='bbox 1631 2822 1790 2871; x_wconf 77' lang='grc' dir='ltr'><em>εὕγονον</em></span> <span class='ocrx_word' id='word_1_481' title='bbox 1820 2824 1923 2859; x_wconf 85' lang='lat' dir='ltr'><strong>codd.</strong></span> 
     </span>
     <span class='ocr_line' id='line_1_45' title="bbox 272 2879 1922 2930; baseline -0.002 -12"><span class='ocrx_word' id='word_1_482' title='bbox 272 2884 328 2918; x_wconf 73' lang='lat' dir='ltr'><em>uis</em></span> <span class='ocrx_word' id='word_1_483' title='bbox 353 2883 448 2918; x_wconf 76' lang='lat' dir='ltr'><em>lenta</em></span> <span class='ocrx_word' id='word_1_484' title='bbox 472 2883 542 2918; x_wconf 80' lang='lat' dir='ltr'><em>Lat</em></span> <span class='ocrx_word' id='word_1_485' title='bbox 645 2883 978 2930; x_wconf 83' lang='grc' dir='ltr'><em>προκαλουμένων]</em></span> <span class='ocrx_word' id='word_1_486' title='bbox 1003 2883 1056 2918; x_wconf 88' lang='lat' dir='ltr'><em>ed.</em></span> <span class='ocrx_word' id='word_1_487' title='bbox 1083 2894 1135 2927; x_wconf 89' lang='lat' dir='ltr'><em>pr.</em></span> <span class='ocrx_word' id='word_1_488' title='bbox 1155 2885 1336 2928; x_wconf 75' lang='lat' dir='ltr'><em>prouocet</em></span> <span class='ocrx_word' id='word_1_489' title='bbox 1358 2881 1429 2916; x_wconf 81' lang='lat' dir='ltr'><em>Lat</em></span> <span class='ocrx_word' id='word_1_490' title='bbox 1452 2880 1797 2926; x_wconf 85' lang='grc' dir='ltr'><em>προσκαλουμένων</em></span> <span class='ocrx_word' id='word_1_491' title='bbox 1821 2879 1922 2915; x_wconf 90' lang='lat' dir='ltr'><strong>codd.</strong></span> 
     </span>
    </p>
   </div>
   <div class='ocr_carea' id='block_1_7' title="bbox 1953 868 1988 901">
    <p class='ocr_par' dir='ltr' id='par_1_10' title="bbox 1953 868 1988 901">
     <span class='ocr_line' id='line_1_46' title="bbox 1953 868 1988 901; baseline -0.029 0"><span class='ocrx_word' id='word_1_492' title='bbox 1953 868 1988 901; x_wconf 84' lang='lat'><em>10</em></span> 
     </span>
    </p>
   </div>
   <div class='ocr_carea' id='block_1_8' title="bbox 1956 1204 1992 1237">
    <p class='ocr_par' dir='ltr' id='par_1_11' title="bbox 1956 1204 1992 1237">
     <span class='ocr_line' id='line_1_47' title="bbox 1956 1204 1992 1237; baseline -0.028 0"><span class='ocrx_word' id='word_1_493' title='bbox 1956 1204 1992 1237; x_wconf 84' lang='lat'><em>15</em></span> 
     </span>
    </p>
   </div>
   <div class='ocr_carea' id='block_1_9' title="bbox 1955 1541 1994 1573">
    <p class='ocr_par' dir='ltr' id='par_1_12' title="bbox 1955 1541 1994 1573">
     <span class='ocr_line' id='line_1_48' title="bbox 1955 1541 1994 1573; baseline 0.026 -1"><span class='ocrx_word' id='word_1_494' title='bbox 1955 1541 1994 1573; x_wconf 83' lang='lat'><em>20</em></span> 
     </span>
    </p>
   </div>
  </div>
 </body>
</html>
