2039 3251
45 874 80 906 m

45 1212 82 1245 15

50 1549 87 1581 Q

546 148 612 183 DE
638 148 796 184 BELLO
821 149 918 184 lm).
945 148 1012 184 v11
1041 151 1170 183 11-18
1195 152 1218 191 (ι
1247 154 1275 181 2.
1302 152 1332 190 3)
1691 148 1769 185 5753

109 260 407 317 κεκοσμηκόσι,
440 260 516 317 τὴν
540 257 580 303 δ’
609 258 741 304 αι’·τοῦ
764 265 996 316 στρατείαν
1021 261 1372 317 ἐπιφανεστέραν
1406 261 1479 303 διὰ
1500 263 1587 303 τιῦν
1611 278 1771 314 κατορ-

109 327 335 382 θωμάτων
367 328 661 386 πεποιηκόσιν
703 328 785 385 ἔφη
818 327 872 370 τὰ
902 331 1007 383 γέρα
1046 331 1118 371 καὶ
1150 328 1230 378 τὰς
1259 328 1391 382 τιμὰς
1423 324 1558 378 εὐθὺς
1590 324 1770 370 ἀποδώ-

112 410 216 443 σειν,
249 397 319 438 καὶ
340 396 508 453 μηδένα
539 398 624 438 τῶν
648 397 782 438 πλέον
815 405 968 438 πονεῖν
1000 395 1148 448 ἑτέρου
1182 396 1469 453 θελησάντιιιν
1500 398 1575 450 τῆς
1599 396 1772 445 δικαίας

112 459 299 518 ἀμοιβῆς
339 461 691 518 ἁμαρτήσεσθαι.
761 465 975 519 πλείστην
1019 463 1099 518 γὰρ
1144 462 1261 518 αὐτῷ
1306 463 1463 504 τούτου
1502 462 1769 518 γενήσεσθαι
1806 466 1856 504 12

110 548 187 585 την
210 530 241 572 ἕ
240 532 478 584 τιμέλειαν,
513 530 609 572 επεὶ
643 532 712 573 καὶ
735 531 901 584 μᾶλλον
925 529 1097 572 εθέλειν
1127 529 1206 579 τὰς
1229 525 1387 583 ἀρετὰς
1415 533 1548 584 τιμᾶν
1578 533 1665 572 τῶν
1698 545 1773 572 συ-

112 601 466 653 στρατευομένων
496 591 522 653 ἢ
552 597 749 648 κολαζειν
781 595 898 674 τους)
913 594 1259 652 ἁμαρτάνοντας.

224 668 261 707 3.
294 660 477 714 Εὐθέως
517 663 592 707 οἶν
624 663 843 706 εκέ2ευσεν
876 659 1190 744 ἆγαγινώσκειν
1222 673 1314 714 τοῖς
1347 681 1377 706 ε
1370 667 1421 707 τὶ
1454 667 1584 707 τοῦτο
1617 681 1771 720 τεταγ-
1806 669 1855 708 13

110 735 259 784 μένοις
296 726 395 774 όσοι
434 749 476 774 τι
519 730 723 785 λαιιπρόν
754 723 863 787 ἦσαν
896 730 940 773 ἓν
971 733 1034 786 τῷ
1066 733 1250 785 πολέιιι)
1282 733 1641 787 κατωρθωκότες.
1702 734 1773 775 καὶ
1810 737 1860 775 14

110 794 209 841 κατ’
243 795 384 852 ὄνομα
414 799 558 840 καλῶν
589 797 742 855 ἐπῄνει
782 815 830 840 τε
862 798 1107 853 παριόντας
1143 796 1200 848 ὡς
1232 793 1284 842 ἂν
1315 797 1776 857 ὑπερευφραινόμενός

109 882 176 916 τις
220 861 293 908 ἐπ)
338 865 518 915 οἰκείοις
562 865 880 921 κατορθώμασι
923 868 996 909 καὶ
1038 866 1288 922 στεφάνους
1334 867 1538 910 ἐπετίθει
1575 870 1775 922 χρυσοῦς,

112 933 395 988 περιαυχένιά
427 950 474 975 τε
501 935 639 987 χρυσᾶ
671 935 742 976 καὶ
777 933 943 989 δόρατα
975 933 1108 989 μικροὶ
1143 937 1284 990 χρυσᾶ
1309 936 1379 977 καὶ
1405 939 1598 991 σημαίας
1630 934 1776 977 ἐδίδου

111 1003 417 1057 πεποιημένας
458 1000 505 1051 ἐξ
541 997 749 1057 ἀργύρου,
792 1003 863 1044 καὶ
905 1001 984 1057 τὴν
1016 998 1199 1044 ἑκάστου
1234 1001 1358 1052 τάξιν
1388 999 1599 1059 ἤλλαττεν
1633 1001 1694 1052 εἷς
1724 999 1772 1043 τὸ
1812 1007 1860 1044 15

109 1077 316 1122 κρεῖττον,
350 1067 399 1110 οὗ
421 1067 506 1124 μὴν
530 1065 640 1110 ἀλλὰ
662 1064 741 1111 κόικ
762 1071 848 1111 τῶν
881 1069 1091 1126 λαφύρων
1125 1066 1312 1125 ἄργυρον
1344 1072 1417 1112 καὶ
1445 1068 1606 1125 χρυσὸν
1640 1069 1780 1125 ἐσθῆ-

110 1136 190 1186 τάς
220 1152 268 1178 τε
296 1137 370 1178 καὶ
400 1138 477 1193 τῆς
510 1132 644 1193 ἄλλης
676 1132 825 1186 αὐτοῖς
857 1137 977 1187 λείας
1009 1137 1214 1191 δαψιλῶς
1241 1133 1466 1191 ἀπένειμε.
1518 1137 1698 1179 πάντων
1730 1137 1776 1179 δὲ
1811 1141 1861 1180 16

109 1207 409 1261 τετιμημένων
449 1198 574 1253 ὅπως
615 1199 747 1254 αὐτὸς
789 1203 971 1247 ἕκαστον
1010 1200 1195 1260 ἠξίωσε,
1242 1207 1296 1260 τῇ
1337 1204 1548 1261 συμπάσῃ
1592 1207 1778 1261 στρατιᾷ

113 1271 416 1328 ποιησάμενος
444 1266 570 1324 εὐχὰς
603 1270 675 1313 ἐπὶ
700 1273 844 1327 πολλῇ
865 1275 1120 1326 κατέβαινεν
1145 1268 1342 1329 εὐφημία
1363 1275 1576 1327 τρέπεταί
1596 1288 1643 1314 τε
1665 1271 1780 1327 πρὸς

112 1343 278 1389 θυσίας
310 1338 569 1391 ἐπινικίους,
614 1340 685 1381 καὶ
719 1340 887 1381 πολλοῦ
917 1342 1034 1394 βοῶν
1074 1339 1282 1395 πλήθους
1316 1349 1411 1389 τοῖς
1440 1344 1610 1393 βωμοῖς
1640 1355 1780 1394 παρε-

114 1406 322 1462 στηκότος
361 1405 620 1456 καταθύσας
656 1405 828 1456 πάντας
866 1423 916 1463 τη
961 1421 1149 1463 στρατια
1194 1406 1453 1449 διαδίδωσιν
1486 1407 1550 1457 εἷς
1581 1402 1780 1459 εὐωχίαν.

116 1469 247 1523 αὐτὸς
287 1473 333 1516 δὲ
372 1481 466 1523 τοῖς
506 1472 551 1515 ἓν
590 1474 705 1516 τέλει
745 1482 861 1527 τρεῖς
898 1471 1062 1529 ἡμέρας
1099 1473 1396 1529 συνεορτάσας
1426 1473 1503 1531 τὴν
1534 1491 1611 1528 μεν
1645 1471 1779 1531 ἄλλην
1814 1479 1863 1518 17

117 1539 328 1595 στρατιὰν
369 1540 601 1619 διαφίησιν
640 1558 664 1596 ῃ
698 1541 841 1591 καλῶς
881 1539 992 1594 εἶχεν
1032 1540 1241 1591 εκάστους
1274 1537 1478 1593 ἀπιέναι,
1518 1558 1579 1597 τω
1615 1541 1780 1598 δεκάτῳ

118 1608 164 1651 δὲ
196 1608 385 1686 τάγματι
415 1607 492 1662 τὴν
523 1610 609 1650 τῶν
627 1605 938 1661 Ἱεροσολύμων
970 1625 1003 1650 ε
992 1611 1190 1663 τέτρεψε
1217 1607 1413 1665 φυλακὴν
1446 1604 1589 1652 ουκέτι
1621 1625 1781 1659 αυτους

117 1675 191 1717 ἐπι
223 1675 300 1717 τὸν
332 1670 568 1731 Ευφράτην
600 1670 892 1726 ἀποστείλας,
934 1674 1046 1717 ένθα
1077 1675 1294 1731 πρότερον
1325 1673 1449 1733 ἦσαν.
1509 1679 1781 1733 μεμνημένος
1815 1679 1864 1720 18

117 1742 164 1784 δέ
193 1744 271 1784 τοῦ
302 1741 551 1784 δωδεκάτου
582 1742 826 1797 τάγματος,
865 1738 934 1785 ὅτι
965 1746 1156 1785 Κεστίου
1190 1746 1536 1800 στρατηγοῦντος
1569 1743 1782 1786 ενέδωκαν

115 1818 208 1860 τοῖς
223 1805 467 1861 Ιουδαίοις,
499 1811 575 1865 τῆς
605 1809 684 1863 μὲν
706 1814 868 1866 Συρίας
901 1807 1004 1853 αὐτὸ
1040 1809 1332 1853 παντάπασιν
1364 1810 1584 1867 εξηλασεν,
1617 1810 1668 1853 r'v
1698 1811 1781 1867 γὰρ

1630 1851 1636 1867 A

228 1943 510 1978 AMLVRCLm

230 2003 245 2033 1
275 2000 313 2036 δὲ
332 2000 399 2035 VR
489 1997 674 2046 στρατιὰν
698 1999 866 2034 MLVRC
891 2000 1057 2034 miliciam
1082 2001 1152 2035 Lat
1247 2003 1266 2034 2
1292 1999 1519 2046 πεποιηκόσι
1546 2001 1573 2036 C
1665 2001 1783 2048 γέρρα

116 2055 279 2097 (alterum
297 2069 318 2101 ρ
337 2055 467 2090 deleuit
483 2065 576 2090 man.
595 2065 719 2090 recens
737 2056 780 2097 L)
804 2056 864 2090 LO
936 2058 954 2089 3
983 2055 1125 2102 ἑτέρου,
1151 2055 1169 2091 ε’
1187 2066 1231 2090 ex
1249 2057 1290 2091 αι’
1309 2067 1401 2091 corr.
1426 2066 1520 2091 man.
1546 2066 1669 2091 recens
1686 2056 1716 2090 L

116 2115 261 2153 πονεῖν]
286 2117 410 2147 ποιεῖν
435 2111 460 2146 Ο
555 2115 574 2145 4
599 2109 895 2157 ιῖμαρτήσασθαι
923 2112 948 2146 C
1043 2112 1223 2157 γενέσθαι
1257 2111 1287 2145 L
1383 2115 1400 2145 5
1435 2114 1511 2147 τῶν
1536 2124 1785 2158 συστρατευο-

115 2167 252 2212 μένων]
278 2167 481 2203 ALVRLat
505 2171 540 2202 et
563 2177 607 2201 ex
632 2178 723 2202 corr.
742 2167 780 2201 M
797 2170 875 2203 τῶν
900 2167 1214 2213 στρατευομένων
1239 2168 1323 2202 M¹O
1418 2172 1435 2201 7
1462 2168 1484 2202 i.
1511 2178 1620 2212 marg.
1646 2166 1688 2215 γ’
1713 2168 1739 2202 C

117 2219 233 2260 εὐθὺσ
256 2223 287 2257 L
379 2221 546 2260 ἐκέλευεν
572 2223 638 2258 VR
731 2226 859 2265 τοῦτο]
888 2223 968 2258 AL¹
995 2220 1118 2259 τούτω
1145 2223 1279 2259 MVRC'
1305 2228 1340 2258 et
1365 2235 1407 2259 ex
1433 2235 1523 2259 corr.
1550 2225 1685 2259 recenti
1710 2225 1739 2259 L

118 2284 137 2315 8
161 2282 244 2325 post
268 2279 446 2327 λαμπρὸν
471 2282 689 2324 expunctum
713 2273 798 2325 ἧσοι
817 2281 854 2315 τί
871 2277 1051 2325 λαμπρὸν
1076 2280 1114 2313 Μ
1226 2282 1279 2329 τῷ
1305 2290 1372 2314 om.
1399 2280 1568 2315 AMVRC
1649 2294 1787 2327 κατορ-

117 2333 294 2373 θωκότεσ
311 2336 372 2371 ΑΟ
390 2338 426 2371 et
443 2346 486 2370 ex
504 2346 596 2370 corr.
622 2335 655 2370 R
737 2339 755 2370 9
782 2333 1006 2381 παριόντας]
1026 2339 1244 2382 praesentes
1268 2336 1338 2370 Lat
1424 2340 1461 2370 10
1487 2335 1693 2381 περιέτίθει
1710 2337 1740 2372 L

122 2395 158 2427 11
183 2395 307 2439 χρυσᾶ
337 2403 404 2428 0111.
431 2392 502 2426 Lat
592 2387 720 2438 μακρὰ
748 2391 987 2427 MLVRCLat
1077 2395 1212 2438 χρυσᾶ]
1247 2394 1311 2428 καὶ
1333 2395 1456 2439 χρυσᾶ
1481 2392 1529 2433 L,
1555 2403 1623 2427 om.
1650 2393 1720 2427 Lat

120 2450 162 2482 12
186 2446 409 2494 ἐνήλλαττεν
433 2448 472 2483 Μ
495 2446 656 2495 ἢλαττεν
680 2448 706 2482 C
795 2450 835 2482 13
860 2451 923 2484 καὶ
940 2447 982 2484 ἐκ
999 2448 1094 2485 VRO
1184 2452 1224 2483 14
1249 2451 1409 2495 δαψιλεσ
1434 2448 1460 2482 C
1556 2453 1594 2484 15
1623 2443 1727 2491 ὅπως
1747 2470 1785 2475 —

116 2499 262 2550 ἠξίωσε]
287 2509 327 2540 ut
350 2505 504 2550 quisque
527 2515 564 2539 se
590 2504 754 2538 meritum
776 2504 999 2550 praebuerat
1024 2505 1093 2540 Lat
1212 2498 1329 2547 ὅπως]
1353 2505 1396 2540 L.
1423 2504 1579 2539 Dindorf
1603 2500 1714 2541 ὅπωσ
1739 2502 1788 2542 ἂν

118 2560 221 2596 codd.
291 2556 406 2603 αὐτὸς
422 2558 596 2602 ἕκαστον]
615 2557 780 2596 ἕκαστοσ
797 2556 922 2596 αὐτῶν
938 2561 969 2595 L
988 2556 1103 2603 αὐτὸς
1119 2558 1283 2603 ἕκαστος
1307 2563 1460 2603 (retento
1479 2557 1540 2603 ἄν)
1567 2561 1740 2596 Destinon

122 2619 162 2651 16
186 2615 258 2658 ἐπὶ,
283 2615 301 2652 ἐ
324 2617 347 2652 i.
372 2627 443 2652 ras.
471 2618 501 2650 A
570 2615 713 2661 πολλὴν
737 2616 767 2650 L
839 2612 1023 2663 εὐφημίαν
1047 2617 1076 2651 L
1148 2620 1201 2659 τε]
1227 2627 1255 2651 s.
1281 2626 1375 2651 man.
1401 2627 1526 2651 recens
1551 2617 1581 2650 L
1607 2617 1645 2653 δὲ
1669 2617 1742 2651 AM

122 2675 160 2706 17
188 2675 345 2714 πολλοῦ]
370 2673 467 2709 πολὺ
492 2673 522 2707 L
663 2674 815 2718 πλῆθοσ
838 2672 870 2707 L
1010 2671 1311 2720 παρεστηκότος]
1336 2670 1643 2719 περιεστηκότων
1666 2673 1697 2707 L

122 2730 162 2762 18
187 2721 364 2764 ἅπαντασ
381 2729 548 2765 MLVRO
619 2731 768 2765 δίδωσιν
784 2727 845 2762 LO
863 2728 960 2763 dedic
979 2729 1049 2764 Lat
1120 2728 1171 2771 εἰς
1189 2725 1362 2774 εὐωχίαν]
1389 2728 1568 2774 εἰσωχίαν
1585 2728 1611 2763 Ο
1683 2733 1725 2763 20
1743 2726 1789 2765 εἷ·

119 2786 197 2828 χεν]
222 2780 319 2829 ἔχειν
342 2783 403 2819 LC
496 2783 660 2822 ἑκάστου
684 2785 714 2819 L
808 2780 959 2821 ἀπεῖναι
985 2785 1014 2819 L
1109 2785 1132 2820 i.
1150 2795 1258 2828 marg¹
1279 2781 1315 2820 δ’
1334 2785 1361 2819 C
1455 2788 1495 2820 21
1523 2788 1600 2820 τῶν
1624 2795 1692 2820 om.
1711 2785 1743 2819 V

123 2833 250 2874 οὐκέτ’
277 2839 302 2873 G
418 2837 561 2883 αὐτοὺς]
586 2838 750 2878 τούτουσ
773 2841 803 2875 L
920 2844 961 2875 22
986 2839 1059 2883 ἐπὶ]
1093 2837 1166 2877 ὑπὸ
1194 2840 1288 2876 VRC
1404 2843 1446 2875 23
1472 2841 1510 2877 δὲ
1535 2851 1604 2876 0111.
1630 2840 1698 2874 Lat

123 2896 166 2928 24
191 2893 374 2931 ἓουδαίοισ
398 2896 427 2930 L
522 2892 628 2938 αὐτὸ,
655 2894 676 2932 ὸ
702 2897 724 2932 i.
750 2906 820 2932 ras.
847 2897 880 2930 A
906 2893 1009 2934 αὐτῶ
1033 2897 1099 2933 VR
