2018 3236
215 155 294 191 552
655 151 720 184 DE
744 149 904 184 BELLO
929 148 1024 183 IUD.
1050 148 1100 183 VI
1126 150 1301 183 295-300
1326 149 1361 190 (V
1387 150 1418 191 3)

215 265 413 313 ἰδιώταις
443 263 675 306 κάλλιστον
707 257 848 304 ἐδόκει
877 265 1027 318 τέρας·
1060 257 1233 312 ἇνοῖξαι
1261 259 1343 316 γάρ
1375 260 1451 303 τὸν
1482 260 1591 303 θεὸν
1614 258 1762 312 αὐτοῖς
1782 260 1859 318 τὴν

213 334 298 374 τών
330 328 513 385 άγαθιῦν
548 329 710 385 πύλην·
752 329 793 371 οἱ
825 328 965 384 λόγιοι
1006 329 1052 371 δὲ
1091 330 1301 384 λυομένην
1341 324 1600 382 αὐτομάτως
1637 331 1714 371 τοῦ
1754 331 1859 372 ναοῦ

214 397 289 454 την
312 393 559 452 ἀσφάλειαν
582 395 792 448 ἐνενόουν,
815 398 888 439 καὶ
909 397 1144 450 πολεμίοις
1166 397 1307 452 ὁιῦρον
1329 392 1590 451 ἀνοίγεσθαι
1611 396 1688 453 την
1703 395 1857 452 πύλην,

101 470 181 509 296
214 463 452 521 (δηλωτικόν
491 480 538 506 τε
569 463 750 519 ἐρημίας
789 459 1040 520 ἀπέφαινον
1073 463 1116 506 ἐν
1149 461 1299 513 αὑτοῖς
1327 463 1376 506 τὸ
1419 473 1611 520 σημεῖον.
1669 463 1778 517 μετὰ
1812 464 1857 506 δὲ

210 531 285 586 την
318 530 469 586 ἑορτὴν
501 527 550 573 οὗ
582 532 772 580 πολλαῖς
812 528 995 587 ἦμέραις
1032 526 1233 587 ὕστερον,
1272 533 1354 587 μιᾷ
1383 532 1454 573 καὶ
1488 530 1627 574 εἰκάδι
1653 527 1859 586 Ἀρτεμι-
1888 540 1905 571 5

99 603 178 641 297
211 603 307 640 σιόυ
337 598 486 654 μηνός,
520 597 677 654 φάσμα
707 615 752 641 τι
783 597 1013 652 δαιμόνιον
1045 594 1180 655 ὤφθη
1216 598 1362 652 μεῖζον
1400 604 1615 650 πίστεως·
1654 604 1858 653 τερατεία

209 666 255 706 (δὲ
287 658 340 706 ἂν
372 664 520 716 ἔδοξεν
553 663 677 719 οἶμαι
708 664 756 707 τὸ
791 665 1109 722 ῥηθησόμενον,
1142 665 1179 708 εἰ
1208 665 1266 722 μη
1298 668 1370 709 καὶ
1403 666 1526 722 παρὰ
1556 676 1650 717 τοῖς
1687 670 1858 709 θεασα-

205 736 352 786 μένοις
397 733 601 789 ἱστόρητο
632 734 704 775 καὶ
734 733 789 775 τὰ
822 732 1248 789 ἐπακολουθήσαντα
1288 733 1417 790 πάθη
1458 736 1544 776 τιῦν
1585 737 1776 790 σημείων
1806 725 1857 790 ἦν

95 804 174 843 298
208 796 331 849 ἄξια·
362 799 449 856 πρὸ
482 799 563 856 γάρ
595 797 720 855 ἡλίου
752 799 918 850 δόσεως
940 797 1075 857 ὤφθη
1099 804 1297 857 μετέωρα
1319 803 1423 856 περὶ
1444 804 1594 843 πᾶσαν
1616 800 1693 856 τὴν
1711 800 1857 856 χώραν

206 862 380 920 ἅρματα
409 869 482 910 καὶ
514 863 733 923 φάλαγγες
763 867 945 910 ἔνοπλοι
977 867 1235 925 διᾴττουσαι
1265 870 1351 911 τῶν
1388 871 1532 925 νεφῶν
1570 871 1641 912 καὶ
1681 867 1857 910 κυκλού-
1889 876 1923 908 10

92 937 171 976 299
202 949 330 986 μεναι
360 933 439 983 τὰς
470 935 638 984 πόλεις.
687 933 798 976 κατὰ
831 934 975 992 δὲτὴν
1007 934 1172 992 ἑορτήν,
1200 954 1223 990 η
1248 935 1517 993 πεντηκοστὴ
1540 937 1752 987 καλεῖται,
1785 934 1856 977 νύ·-

201 1018 314 1055 κτωρ
348 1002 389 1043 οἱ
422 1002 552 1058 ἱερεῖς
582 997 886 1057 παρελθόντες
918 1001 980 1052 εἰς
1010 1002 1057 1044 τὸ
1090 1002 1212 1045 ἔνδον
1236 1002 1364 1057 ἱερόν,
1397 998 1548 1058 ὥσπερ
1582 999 1728 1052 αὐτοῖς
1750 1002 1857 1052 ἔθος

201 1068 314 1121 πρὸς
344 1068 424 1119 τὰς
457 1071 740 1124 λειτουργίας,
774 1071 950 1124 πρῶτον
981 1069 1060 1123 μὲν
1091 1069 1300 1126 κινήσεως
1332 1070 1504 1126 ἔφασαν
1535 1067 1858 1124 ἀντιλαβέσθαι

201 1138 273 1178 καὶ
304 1136 492 1189 κτύπου,
523 1136 632 1191 μετὰ
675 1137 721 1178 ὁὲ-
751 1138 893 1178 ταῦτα
927 1139 1076 1193 φωνῆς
1115 1133 1287 1193 ἀθρόας
1325 1141 1675 1191 ,μεταβαίνομεν
1715 1136 1856 1179 ἑντεῦα

90 1205 170 1245 300
205 1206 330 1245 θεν.“
378 1203 427 1246 τὸ
471 1204 517 1246 δὲ
555 1203 720 1246 τούτων
760 1203 1086 1259 φοβερώτερον,
1122 1199 1287 1261 Ἰησοῦς
1317 1204 1398 1259 γάρ
1438 1221 1505 1254 τις
1536 1204 1629 1255 υἱὸς
1654 1200 1855 1246 Ἀνανίου
1887 1213 1923 1245 15

200 1273 284 1312 τῶν
325 1270 514 1313 ἰδιωτῶν
554 1268 755 1326 ἄγροικος
795 1270 881 1326 πρὸ
922 1271 1148 1327 τεσσάρων
1187 1271 1293 1313 ἐτιῦν
1330 1273 1408 1313 τοῦ
1439 1273 1635 1325 πολέμου
1675 1270 1729 1313 τά
1771 1271 1854 1325 μά-

200 1339 327 1379 λιστα
356 1340 433 1394 τῆς
465 1338 636 1388 πόλεως
679 1337 1007 1394 εἰρηνευομένης
1047 1340 1120 1380 καὶ
1152 1337 1448 1395 εὐθηνούσης,
1491 1338 1634 1381 ἐλθών
1674 1339 1736 1388 εἷς
1776 1338 1854 1395 τὴν

199 1404 364 1461 ἑορτήν,
397 1404 440 1447 ἐν
465 1402 492 1461 ᾗ
516 1409 889 1462 σκηνοποιεῖσθαι
921 1405 1093 1455 πάντας
1125 1405 1232 1456 ἔθος
1261 1408 1323 1461 τῴ
1348 1408 1465 1462 θεῷ,
1505 1406 1615 1448 κατὰ
1652 1406 1700 1449 τὸ
1737 1405 1853 1462 ἱερὸν

308 1551 848 1595 PAMLVRCLatHegesippus
871 1552 902 1587 V
928 1555 970 1585 44
995 1563 1029 1596 p.
1065 1554 1141 1587 364.
1188 1553 1349 1588 Zonaras
1374 1552 1390 1586 I
1414 1563 1448 1596 p.
1481 1555 1557 1587 544.
1604 1552 1737 1588 Euseb.
1768 1552 1852 1588 hist.

195 1608 282 1642 eccl.
307 1608 358 1641 Ill
384 1610 415 1649 S,
435 1610 466 1642 2.
504 1607 592 1642 dem.
619 1617 743 1651 euang.
767 1607 855 1642 VIII
880 1611 911 1649 2,
933 1610 1006 1642 112.

310 1667 325 1698 1
352 1663 510 1699 ἰδιόταισ
535 1663 561 1697 C
654 1659 810 1705 ἀνοῖξαι]
836 1659 921 1699 οἶνοι
945 1663 1021 1704 (sic)
1047 1663 1073 1696 C
1158 1662 1228 1699 τὸν
1251 1661 1357 1705 θεὸν]
1385 1661 1404 1699 ὃ
1430 1661 1528 1700 &aba
1553 1664 1578 1697 C
1673 1668 1691 1698 2
1716 1663 1852 1710 λόγιοι]

195 1721 321 1755 λοιποὶ
346 1719 375 1753 L
400 1716 551 1764 λόγ·ιοι
575 1719 606 1753 V
699 1716 765 1763 τὴν
790 1721 857 1754 τοῦ
888 1721 981 1754 ναοῦ
1005 1721 1048 1752 tr.
1075 1719 1105 1752 L
1197 1722 1215 1751 3
1241 1717 1348 1755 πόλιν
1373 1720 1398 1753 C
1492 1722 1512 1753 4
1537 1718 1732 1765 δηλοτικὸν
1758 1721 1784 1755 C

195 1771 230 1810 τ’
257 1775 283 1810 C
308 1785 394 1810 uero
420 1775 490 1809 Lat
648 1773 688 1810 ἐν
721 1770 858 1816 αὑτοῖς]
892 1773 933 1810 ἐν
966 1780 1097 1809 αυτοῖσ
1128 1774 1190 1807 ΡΑ
1221 1773 1374 1810 ἑαυτοῖσ
1402 1775 1432 1808 L
1463 1773 1504 1811 ἐν
1537 1774 1688 1811 ἑαυτοῖσ
1716 1775 1849 1810 MVRC

193 1831 286 1866 iulet·
309 1842 347 1866 se
371 1831 440 1865 Lat
574 1827 668 1874 μετὰ
687 1850 729 1854 -
749 1833 785 1864 11
813 1828 942 1872 πόλεις
967 1841 1034 1864 om.
1060 1831 1082 1863 i.
1107 1841 1216 1874 marg.
1244 1831 1358 1875 suppl.
1386 1833 1433 1873 A,
1463 1831 1526 1865 sed
1550 1832 1668 1866 acciso
1694 1832 1852 1873 margine

192 1886 330 1921 litterae
348 1886 483 1930 aliquot
507 1886 719 1920 interierunt
786 1884 881 1929 μετὰ
899 1905 943 1911 -
964 1889 999 1919 11
1020 1880 1193 1932 ὕστερον]
1211 1891 1300 1931 post
1316 1886 1390 1921 dies
1407 1890 1523 1921 autem
1539 1887 1657 1931 festos
1674 1886 1710 1920 ἰη
1728 1886 1851 1921 diebus

185 1943 319 1988 paucis
342 1942 411 1976 Lat
571 1945 588 1976 5
618 1938 660 1977 οὐ
688 1962 728 1966 -
754 1934 926 1986 ὕστερον]
958 1938 1117 1987 ἡμέραισ
1151 1938 1195 1978 οὐ
1225 1946 1386 1978 πολλαῖσ
1415 1937 1575 1989 ὕστερον
1599 1942 1849 1978 LVROEuseb

189 2004 273 2043 post
297 1998 429 2033 multos
454 1998 530 2032 dies
554 1997 630 2040 Heg
720 1999 788 2045 μιᾷ
811 1999 874 2032 καὶ
899 1994 1027 2038 εἰκάδι]
1052 1995 1195 2043 πριότηι
1219 2001 1281 2033 καὶ
1307 1999 1470 2044 εἰκοστῆι
1496 1999 1526 2032 L
1619 1994 1850 2044 α’ρτεμησίου

191 2054 337 2088 PAV‘R
452 2054 633 2089 Artemisii
658 2056 710 2088 21.
738 2053 812 2088 dies
840 2057 893 2087 est
919 2056 949 2087 8.
975 2053 1067 2087 Iunii
1091 2054 1155 2098 (VI
1180 2054 1224 2087 id.
1249 2054 1342 2097 Iun.)
1366 2054 1450 2088 anni
1473 2053 1621 2096 Iuliani,
1654 2054 1684 2088 si
1709 2054 1847 2097 quidem

189 2110 361 2154 Iosephus
386 2110 527 2145 solitam
550 2110 709 2154 sequitur
732 2109 905 2144 rationem
1029 2113 1048 2143 6
1077 2110 1278 2155 τερατείαν
1301 2110 1330 2143 L
1356 2110 1472 2156 τέρασ
1496 2103 1629 2143 Euseb‘
1740 2123 1847 2156 τερα-

191 2167 271 2201 τεία
291 2186 331 2190 —
352 2169 370 2200 8
397 2164 588 2213 ἱστόρητο]
613 2170 809 2200 monstrum
835 2170 964 2205 (cutem,
989 2165 1088 2210 quod
1111 2166 1273 2201 dicturus
1296 2177 1386 2207 sum,
1409 2166 1571 2209 fortasse
1593 2165 1698 2199 etiam
1723 2164 1779 2199 Itis
1794 2169 1847 2199 est

188 2222 369 2267 coqnitum
394 2226 457 2266 qul
481 2222 649 2257 uiderunt
673 2221 743 2255 Lat
838 2225 855 2255 7
883 2218 917 2257 δ’
942 2221 1192 2257 LVRCEuseb
1286 2219 1333 2258 ἄν
1358 2218 1492 2264 ἔδοξεν]
1519 2218 1579 2257 ἕδο
1596 2235 1611 2251 *
1629 2235 1644 2251 νε
1663 2235 1678 2251 τε
1696 2217 1743 2256 ἄν
1767 2222 1801 2254 Α

190 2280 304 2322 οἰμαι]
332 2274 425 2314 εἶναι
449 2278 570 2313 Euseb
698 2280 716 2312 8
742 2274 930 2324 ἳστόρειτο
957 2276 1018 2310 ΡΑ
1042 2275 1231 2324 ἑστορεῖτο
1257 2277 1355 2312 LVR
1481 2280 1500 2311 9
1524 2278 1590 2312 litt.
1615 2273 1733 2317 ι’·σεως
1757 2273 1846 2321 α’)’φθ

188 2343 289 2368 euan.
317 2334 344 2367 P
437 2337 534 2380 περὶ]
560 2344 660 2368 euau.
690 2333 716 2367 P
740 2331 837 2369 κατὰ
863 2334 893 2367 L
991 2337 1028 2367 10
1061 2333 1128 2367 litt.
1160 2336 1269 2369 οπλοι
1295 2330 1445 2383 διᾴττου
1470 2343 1572 2367 euan.
1597 2333 1624 2366 P
1692 2333 1845 2368 κυκλού-

185 2403 293 2432 μενοι
310 2390 339 2424 L
414 2394 447 2425 11
468 2389 565 2425 κατὰ
580 2410 622 2414 —-
641 2393 679 2423 14
696 2387 872 2425 ἐντεῦθεν
889 2389 996 2422 habet
1013 2389 1189 2424 Eusebius
1206 2389 1395 2424 demonstr.
1457 2387 1567 2429 κατὰ,
1583 2402 1631 2423 κα
1645 2388 1667 2422 ἰ.
1681 2398 1751 2422 ras.
1767 2390 1800 2422 A

189 2448 228 2479 12
254 2443 361 2481 ἔνδον
386 2456 454 2480 om.
480 2446 600 2480 Euseb
625 2445 706 2480 hist.
733 2449 767 2479 et
792 2445 880 2479 dem.
997 2438 1127 2490 ὥσπερ
1152 2465 1193 2469 ——
1219 2441 1320 2487 ἔθος]
1353 2455 1452 2479 more
1473 2455 1539 2479 suo
1557 2443 1628 2478 Lat
1741 2441 1843 2487 ἔθος]

186 2497 280 2536 ἕθοσ
303 2496 349 2546 ἦν
371 2501 699 2536 AMLVRCEuseb
724 2501 806 2535 hist.
833 2504 867 2534 et
891 2500 980 2535 dem.
1083 2504 1122 2535 13
1148 2499 1259 2546 πρὸς]
1284 2501 1341 2537 εἰσ
1365 2500 1394 2534 L
1495 2495 1842 2545 ἀντιλαμβάνεσθαι

186 2556 305 2590 Euseb
331 2556 412 2591 hist.
439 2562 472 2590 et
497 2557 584 2593 dem.
727 2560 765 2590 14
791 2559 926 2602 φωνῆς]
956 2558 1019 2592 καὶ
1051 2559 1183 2602 φωνῆσ
1206 2557 1273 2591 MC
1298 2558 1334 2591 et
1357 2555 1441 2590 fort.
1466 2556 1543 2599 Heg
1678 2551 1841 2602 ἁθρόας]

185 2608 335 2655 ἁθρόας
370 2607 548 2658 λεγούσης
579 2612 701 2646 Euseb
737 2612 826 2646 dem.
980 2613 1276 2658 μεταβαίνομεν]
1314 2613 1417 2647 codd.
1436 2612 1512 2655 Heg
1542 2614 1575 2646 et
1607 2612 1725 2646 Euseb
1757 2613 1839 2648 hist.

183 2668 471 2713 μεταβαίνωμεν
487 2668 768 2702 LatZouEuseb
786 2667 895 2709 dem.;
922 2667 966 2701 cf.
985 2667 1098 2702 Tacit.
1116 2668 1197 2702 hist.
1216 2668 1247 2702 V
1269 2671 1306 2702 13
1396 2671 1433 2702 15
1449 2663 1596 2713 Ἰησοῦς]
1614 2666 1746 2713 ἦϊσοῦσ
1762 2670 1795 2701 A

181 2719 360 2763 Ἀνανίου]
386 2722 647 2765 PAHegEuseb
673 2718 815 2758 α’νάνου
835 2723 1072 2757 MLVRCLat
1145 2725 1184 2756 16
1209 2719 1394 2770 ἅγροῖκοσ
1413 2723 1617 2757 LVRCZon
1689 2727 1727 2758 17
1746 2724 1839 2769 εἰρη-

185 2773 364 2823 νευοὺσησ
389 2778 449 2812 PL
535 2778 600 2831 εἰς]
623 2777 683 2814 ἐπὶ
706 2778 828 2812 Euseb
850 2778 932 2812 fort.
958 2784 1054 2812 recte
1149 2781 1187 2813 18
1212 2777 1252 2814 ἐν
1277 2772 1310 2824 ᾖ]
1337 2777 1417 2814 ἐπεὶ
1443 2779 1605 2814 PMVRC
1632 2782 1666 2814 et
1689 2779 1840 2814 Eusebii

182 2833 344 2869 codicum
374 2843 457 2876 pars
490 2829 556 2878 ἐφ’
581 2834 600 2878 ἡ
632 2838 672 2878 (φ
698 2843 740 2867 ex
764 2846 791 2868 π
816 2843 917 2876 corr„
943 2826 962 2878 ἧ
987 2833 1010 2868 i.
1037 2837 1122 2875 ras.)
1146 2836 1178 2868 A
1316 2831 1417 2875 ἔθος]
1443 2831 1533 2876 ἔθος
1557 2829 1602 2879 ἦν
1626 2834 1747 2869 Euseb

180 2888 289 2930 κατὰ]
316 2886 372 2925 εἰσ
396 2888 425 2922 L
