2018 3236
170 331 243 370 146

166 666 239 704 147

164 800 238 840 148

161 936 237 973 149

160 1071 235 1109 150

159 1407 231 1445 151

277 149 356 186 366
679 148 744 182 DE
770 148 928 184 BELLO
953 150 1048 185 1UD.
1074 150 1124 185 IV
1150 154 1322 186 145—151
1350 154 1400 194 (ιιι
1423 156 1520 196 5—7)

276 260 559 310 συνελθόντες
582 260 643 310 εἷς
663 259 710 315 τὴ
720 277 740 301 ν
762 259 931 318 εἱρκτὴν
955 261 1153 318 ξιφήρεις
1175 257 1539 319 ἀποσφάττουσιν
1560 263 1661 314 τοὺς
1692 267 1918 323 συνειλημ-

274 332 440 383 μένους.
492 326 833 382 παρανομήματι
865 324 905 368 δ’
942 328 985 370 ἐν
1014 330 1253 386 τηλικούτῳ
1284 330 1482 386 μεγάλως
1512 327 1817 386 ἀπεψεύδοντο
1848 336 1919 376 καὶ

274 395 524 451 προφάσεις
565 394 889 452 [ἀνέπλαττον]·
932 397 1218 454 διαλεχθῆναι
1257 397 1338 452 γὰρ
1376 393 1533 448 αὐτοὺς
1558 396 1787 452 Ῥωμαίοις
1817 402 1919 454 περὶ

272 462 562 515 παραδόσεως
582 459 1002 517 τιῦνἹεροσοιυμων,
1033 465 1103 505 καὶ
1133 464 1355 518 προδότας
1386 461 1641 521 ἀνῃρηκέναι
1671 468 1747 522 τῆς
1776 469 1922 524 κοινῆς

271 528 526 583 ἐλευθερίας
557 529 768 586 ἔφασκον,
814 529 1010 572 καθόλου
1040 527 1082 570 τ’
1126 530 1494 587 ἐπηλαζονεύοντο
1525 541 1618 582 τοῖς
1646 533 1920 588 τολμήμασιν
1951 543 1970 574 5

271 594 331 645 (ὗς
362 592 578 651 εὐεργέται
610 598 682 639 καὶ
715 598 906 652 σωτῆρες
934 599 1011 652 τῆς
1042 597 1214 648 πόλεως
1243 602 1530 656 γεγενημένοι.

385 667 421 706 6.
464 666 626 720 Συνέβη
668 664 713 706 δὲ
757 663 819 712 εἷς
858 666 1067 706 τοσοῦτον
1104 664 1181 706 τὸν
1218 666 1296 719 μὲν
1336 666 1470 722 δῆμον
1500 666 1816 723 ταπεινότητος
1845 669 1918 710 καὶ

273 731 408 780 δέους,
442 729 629 779 ἐκείνους
651 731 696 772 δὲ
718 727 935 781 ἀπονοίας
956 732 1209 785 προελθεῖν,
1241 732 1298 782 ὡς
1320 729 1391 775 ἐπ’
1421 729 1567 782 αὐτοῖς
1599 730 1710 775 εἶναι
1738 736 1811 776 καὶ
1841 733 1921 784 τὰς

268 801 540 851 χειροτονίας
561 799 646 839 τῶν
669 793 916 853 ἀρχιερέων.
969 796 1103 853 ἄκυρα
1129 801 1230 854 γοῦν
1260 798 1314 842 τὰ
1346 799 1443 856 γε’νη
1476 800 1753 856 ποιήσαντες,
1786 799 1832 851 ἐξ
1860 797 1919 844 ὧν

269 863 379 906 κατὰ
406 864 612 947 διαδοχὰς
644 881 682 906 οι
716 861 929 920 ἀρχιερεῖς
961 861 1282 918 ἀπεδείκνυντο,
1313 871 1593 910 καθίστασαν
1625 863 1817 925 ἀσήμους
1846 870 1917 911 καὶ
1949 877 1985 910 10

271 927 447 986 ἀγενεῖς,
478 927 536 974 [³2¹
564 948 700 984 εχοιεν
723 932 951 988 σινεργοίς
972 935 1057 974 τιῦν
1081 930 1389 1012 ἀσεβημάτων
1421 943 1513 984 τοῖς
1533 934 1614 989 γὰρ
1645 931 1755 989 παρ’
1793 931 1918 985 ἀξίαν

268 997 521 1051 ἐπιτυχοῦσι
560 1001 635 1056 τῆς
674 995 883 1041 ἀνωτάτω
922 1016 1050 1057 τιμης
1088 997 1325 1043 ὑπακούειν
1364 1019 1414 1058 ην
1454 997 1614 1058 ἀνάγκη
1649 1011 1742 1052 τοῖς
1772 1019 1919 1057 παρα-

270 1068 433 1118 σχοῦσι.
494 1069 748 1122 συνέκρουον
789 1067 834 1108 δε
871 1069 941 1109 καὶ
983 1067 1083 1117 τοίς
1124 1084 1167 1110 εν
1197 1068 1312 1111 τέλει
1342 1070 1567 1119 ποικίλαις
1598 1068 1817 1119 επινοίαις
1846 1071 1917 1112 καὶ

268 1133 560 1188 λογοποιίαις,
591 1133 742 1188 καιρὸν
765 1133 935 1184 ἑαυτοῖς
961 1134 1004 1176 ἐν
1034 1143 1131 1185 ταῖς
1161 1134 1275 1189 πρὸς
1306 1131 1517 1193 ἀλλήλους
1547 1138 1633 1178 τῶν
1663 1136 1916 1179 κωλυόντων

268 1201 558 1256 φιλονεικίαις
574 1201 846 1254 ποιούμενοι,
868 1204 991 1255 μέχρι
1008 1204 1094 1243 τῶν
1113 1201 1174 1252 εἷς
1192 1198 1459 1257 ἀνθρώπους
1474 1200 1918 1260 ’ὑπερεμπλησθέντες
1948 1213 1985 1245 15

268 1262 545 1323 ἀδικημάτων
584 1268 657 1310 ἐπὶ
698 1268 746 1311 τὸ
787 1273 915 1310 θεῖον
950 1269 1211 1326 μετήνεγκαν
1240 1269 1317 1324 τὴν
1347 1264 1471 1324 ὓβριν
1501 1271 1572 1312 καὶ
1604 1273 1919 1324 μεμιασμένοις

267 1343 359 1383 τοῖς
389 1336 495 1376 ποσὶ
529 1335 758 1391 παρῄεσαν
790 1335 851 1385 εἰς
882 1334 930 1378 τὸ
965 1331 1101 1390 ἅγιον.

381 1405 417 1443 7.
456 1398 824 1455 Ἐπανισταμένου
861 1419 907 1444 τε
947 1399 1095 1453 αἰτοῖς
1136 1401 1211 1460 ἤδη
1253 1405 1329 1446 τοῦ
1369 1403 1591 1458 πλήθους,
1630 1403 1750 1461 ἐνῆγε
1778 1403 1860 1459 γὰρ
1891 1402 1913 1447 ὁ

264 1472 520 1522 γεραίτατος
556 1471 643 1511 τιῦν
674 1465 905 1524 ἀρχιερέων
927 1467 1131 1522 ³Av1mog,
1173 1466 1279 1525 ἀνὴρ
1312 1474 1672 1526 σωφρονέστατος
1702 1472 1774 1513 καὶ
1804 1471 1915 1524 τάχα

267 1552 318 1576 αν
340 1535 563 1585 διασώσας
593 1536 668 1592 τήν
698 1537 843 1588 πόλιν,
877 1553 911 1578 ει
945 1554 1024 1586 τας
1054 1540 1140 1579 τιῦν
1172 1537 1419 1591 επιβούλων
1446 1547 1595 1607 χεῖρας
1625 1537 1839 1594 εξεφυγεν,
1871 1555 1913 1581 οι
1943 1548 1979 1580 20

266 1601 311 1643 δε
349 1601 424 1643 τὸ)
464 1601 570 1644 νειὸν
607 1605 683 1645 τοῦ
720 1606 831 1645 θεοῦ
872 1604 1083 1659 φροίριοι
1126 1603 1273 1654 αυτοῖς
1310 1607 1381 1647 καὶ
1421 1607 1507 1647 τῶν
1546 1601 1635 1647 ἀπὸ
1668 1608 1745 1647 τοῦ
1776 1605 1913 1662 δήμου

264 1685 464 1722 ταραχων
495 1672 726 1712 ποιοῖνται
758 1670 1020 1755 καταφιῙᾈγιι
1052 1688 1121 1712 και
1155 1680 1404 1756 τυραννεῖον
1435 1670 1485 1727 ἠν
1517 1668 1664 1721 αυτοῖς
1693 1671 1742 1714 τι)
1776 1667 1912 1727 ἅγιον.

375 1753 917 1826 PAMLVRCLatHcgesippus
939 1782 987 1816 lV
1013 1787 1032 1816 6
1058 1794 1091 1826 p.
1100 1755 1179 1816 231
1208 1783 1294 1815 Exc
1323 1783 1476 1817 Peiresc.

383 1843 395 1871 1
424 1836 731 1877 on'1571‘Jd1156,2’
754 1841 837 1871 ante
861 1851 882 1872 τ
906 1838 1057 1872 deletum
1075 1839 1104 1872 L
1196 1834 1345 1882 εἱρκτὴν
1362 1838 1389 1871 Ρ
1483 1835 1569 1879 τοὺς
1594 1838 1910 1883 συνειλημμένους]

264 1906 310 1938 γρ
335 1890 427 1929 τοὶ-ο
452 1892 672 1938 εἴργμένουσ
703 1906 995 1939 παρανομηματι
1030 1891 1065 1929 δ’
1090 1893 1131 1930 ἐν
1155 1896 1207 1933 (δε
1231 1892 1291 1929 ἐπι
1316 1896 1360 1935 Α)
1394 1894 1595 1938 τηλικούτω
1626 1891 1790 1939 μεγάλην
1824 1889 1911 1930 οἷπε-

264 1949 450 1990 ψειῖδοντο
477 1946 686 1994 πρόφασιν·
712 1952 947 1995 διαλεχθῆναι
967 1947 1040 1995 γὰρ
1057 1951 1078 1985 i.
1097 1960 1204 1993 marg.
1224 1950 1284 1982 PA
1355 1949 1674 1994 συνειλημμένους]
1693 1950 1911 1995 εἶργμένουσ

262 2003 400 2038 LCExc
427 2007 462 2038 et
485 2005 507 2038 i.
533 2015 642 2047 marg.
660 2004 697 2038 M
724 2015 815 2049 quos
840 2005 1182 2051 comprehenderant
1205 2005 1275 2039 Lat
1359 2007 1376 2038 2
1402 2002 1693 2051 παρανομήματι
1717 2025 1762 2030 ——
1786 2008 1804 2039 3
1830 2003 1909 2042 α’νέ-

262 2063 441 2101 πλαττον]
456 2060 641 2105 fiuyebant
658 2064 775 2094 aulem
800 2060 906 2094 leuius
929 2061 1173 2096 immanissimi
1195 2061 1339 2097 sceleris
1356 2071 1497 2095 causam
1516 2060 1585 2094 Lat
1657 2055 1704 2102 δ’]
1724 2061 1761 2097 δὲ
1777 2060 1842 2094 VR

261 2114 312 2157 ἐν]
338 2114 398 2151 ἐπὶ
424 2116 450 2150 C
541 2113 725 2161 μεγάλως]
750 2114 914 2162 μεγάλην
938 2117 998 2151 VC
1024 2121 1059 2152 et
1082 2118 1104 2152 i.
1130 2128 1238 2160 marg.
1264 2117 1313 2159 M,
1339 2127 1407 2151 om.
1432 2116 1502 2150 Lat
1602 2118 1665 2151 καὶ
1690 2127 1755 2152 om.
1780 2117 1841 2152 Vc

260 2169 515 2217 ἐπεψεύδοντο
536 2172 575 2205 L.
592 2172 743 2206 Dindorf
801 2176 819 2206 3
837 2171 1058 2219 προφάσεις]
1077 2171 1272 2219 πρόφασιν
1286 2171 1581 2207 L¹VRCExeLat
1597 2172 1669 2206 eti.
1688 2183 1795 2216 marg.
1815 2172 1853 2205 M

263 2224 508 2268 ἀνέπλαττον]
535 2239 602 2262 om.
628 2228 855 2263 L¹VRCExc
866 2229 936 2263 Lat
960 2225 1242 2265 ιῖνεπλάττοντο
1266 2229 1288 2262 i.
1313 2239 1420 2271 marg.
1440 2228 1555 2272 suppl.
1572 2239 1617 2263 m.
1637 2231 1655 2262 2
1672 2228 1701 2262 L
1772 2232 1791 2262 4
1816 2242 1906 2276 προ-

260 2282 400 2320 δόντασ
425 2280 663 2329 ἀνευρηκέιίιι
688 2284 767 2318 Exc
828 2289 845 2317 5
871 2283 1042 2320 καθόλου
1067 2281 1104 2321 τ)
1130 2291 1182 2326 (τε
1205 2284 1347 2327 LExc›]
1365 2284 1586 2318 LCExcLat
1608 2280 1696 2319 κατ’
1723 2281 1854 2331 ὀλίγον
1870 2285 1908 2321 δὲ

259 2336 306 2381 (δ’
332 2341 371 2382 Ρ)
398 2339 568 2374 PAMVR
591 2353 637 2385 γρ
662 2338 834 2376 καθόλου
857 2341 879 2375 i.
905 2352 1014 2385 marg.
1039 2342 1077 2376 M
1095 2351 1252 2387 prorsus
1276 2340 1346 2374 Lat
1425 2338 1758 2385 ἐπηλαζονεύοντο]
1784 2336 1907 2378 ἐπιλά-

259 2398 375 2439 λαζον
391 2394 423 2430 Α
440 2394 678 2442 ἐπαλαζοντο
699 2397 724 2430 C
742 2410 788 2442 γρ
805 2395 976 2433 καθόλου
993 2392 1227 2439 (κακαθόλου
1244 2397 1287 2437 A)
1306 2395 1342 2431 δὲ
1360 2393 1680 2441 ἐπηλαζονεύοντο
1699 2395 1794 2435 (ἐπι).
1810 2418 1847 2422 —
1862 2399 1907 2440 A)

259 2457 343 2487 τοῖσ
361 2449 593 2496 τολμήμασιν
609 2453 632 2486 i.
654 2463 761 2496 marg.
776 2453 838 2487 PA
909 2456 925 2486 Τ
940 2453 1009 2497 μὲν
1027 2467 1096 2489 τον
1117 2455 1161 2487 tr.
1175 2452 1269 2487 VRO
1353 2453 1370 2485 8
1397 2451 1448 2491 δε]
1473 2447 1508 2486 δ’
1521 2450 1550 2484 L
1576 2454 1605 2486 δι
1624 2451 1702 2486 Exc
1771 2457 1905 2499 προελ-

259 2510 352 2549 θεῖν]
371 2506 495 2543 ἐλθεῖν
511 2508 543 2543 V
635 2512 654 2542 9
672 2504 879 2554 ἀρχιερέων
902 2508 1030 2543 finiunt
1047 2509 1122 2542 Exc
1213 2506 1356 2553 ἄκυραν
1373 2507 1421 2540 R²
1512 2500 1575 2547 ὧν]
1603 2510 1647 2542 οῦ
1662 2508 1690 2541 Ρ
1716 2502 1769 2543 ὦν
1792 2519 1835 2543 ex
1862 2505 1907 2545 ὃν

258 2573 346 2598 corr.
373 2564 405 2596 A
500 2567 539 2597 10
563 2561 673 2604 κατὰ]
698 2560 769 2599 τὰσ
793 2564 855 2598 ΡΑ
958 2569 993 2599 11
1022 2560 1193 2610 ἀγεννεῖσ
1216 2563 1262 2596 L¹
1374 2560 1435 2598 ἵνα
1461 2562 1493 2595 R
1609 2566 1648 2597 14
1673 2562 1819 2611 καιρὸν,
1843 2579 1905 2601 και

256 2618 278 2652 i.
304 2629 374 2653 ras.
400 2618 534 2653 minore
558 2620 590 2652 A
732 2623 771 2653 15
798 2623 1057 2665 φιλονεικίαισ,
1082 2634 1113 2657 ει
1137 2620 1159 2655 i.
1186 2630 1255 2654 ras.
1280 2629 1326 2653 m.
1353 2621 1372 2652 2
1397 2618 1428 2651 V
1567 2621 1606 2652 16
1630 2621 1904 2664 μεμιαμμένοισ

256 2673 351 2708 VRC
446 2678 483 2708 17
510 2680 590 2716 τοῖς
614 2685 681 2710 om.
708 2676 734 2710 C
827 2679 939 2725 ποσὶν
962 2677 1010 2710 L1
1034 2678 1134 2718 ποσὶ,
1159 2689 1179 2711 ο
1205 2685 1248 2710 ex
1274 2687 1318 2722 ρο
1344 2683 1435 2708 corr.
1459 2674 1492 2709 V
1583 2676 1771 2721 παρίεσαν
1793 2678 1826 2711 Α

259 2731 298 2763 18
323 2730 346 2764 i.
369 2739 479 2774 marg.
506 2731 554 2776 ιβ’
582 2731 608 2765 C
744 2734 893 2776 πλῆθοσ
918 2732 944 2766 C
1065 2735 1103 2767 19
1128 2732 1355 2779 γεραίτεροσ
1380 2730 1480 2763 ΡΑΜ
1504 2728 1760 2776 γεραιότατοσ
1785 2732 1813 2766 L

257 2787 578 2831 owqpove'ovaroo‘
611 2781 704 2832 ἀνὴρ
735 2791 778 2821 tr.
807 2787 837 2821 L
975 2791 1015 2823 20
1047 2785 1094 2824 ἄν
1126 2798 1193 2822 om.
1218 2787 1248 2820 L
1385 2786 1429 2828 εἰ]
1461 2786 1516 2821 εἰσ
1540 2788 1589 2820 Α1
1733 2786 1898 2835 ἐξέφυγε·

254 2848 388 2888 χεῖρασ
416 2845 462 2875 tr.
487 2842 517 2875 L
620 2841 771 2888 ἐξέφυγε
797 2843 822 2877 O
929 2843 975 2885 οὶ]
1002 2840 1021 2880 ὁ
1046 2843 1095 2878 A¹
1199 2846 1238 2877 21
1267 2840 1398 2878 αὖτοῖσ
1422 2842 1617 2878 PAMLVC
1641 2843 1709 2878 siba·
1731 2843 1801 2878 Lat

257 2901 298 2932 22
323 2895 554 2944 καταφυγὴν]
579 2900 640 2933 καὶ
664 2895 882 2943 καταφυγὴν
905 2898 986 2932 LA¹
1009 2902 1071 2935 καὶ
1095 2895 1289 2945 καταφυγὴ
1314 2901 1348 2944 (η
1373 2898 1394 2932 i.
1421 2909 1490 2933 ras.
1518 2900 1560 2939 V)
1584 2899 1678 2933 VRC
