2039 3251
52 545 71 575 5

34 879 70 911 10

33 1216 69 1249 15

31 1553 70 1586 20

504 152 571 187 DE
597 153 754 188 BELLO
780 153 874 188 IUD.
901 153 935 187 11
961 155 1137 188 520—527
1163 155 1234 193 (xlx
1264 156 1361 195 2-4)
1680 154 1758 188 219

99 282 191 316 νιος
224 261 527 322 αὐτομολήσας
557 265 619 315 εἷς
648 265 750 315 τοὺς
775 262 1010 316 Ἰουδαίους
1044 262 1124 308 ἀπ’
1156 264 1383 321 Ἀγρίππα
1412 267 1489 308 τοῦ
1519 267 1759 320 βασιλέως*

101 333 383 387 ἐστρατεύετο
404 331 486 388 γὰρ
509 332 621 388 παρ’
648 330 779 390 αὐτῷ.
830 333 940 376 κατὰ
974 334 1218 389 πρόσωπον
1249 335 1327 387 μὲν
1360 332 1435 376 οὖν
1467 329 1758 382 ἀνακοπέντες
1792 352 1798 372 ;

95 397 297 444 Ἰουδαῖοι
340 400 453 456 πρὸς
490 399 568 454 τὴν
608 401 740 444 πόλιν
771 399 1074 457 ὑπέστρεφον,
1114 401 1302 444 κατόπιν
1335 401 1380 443 δὲ·
1411 409 1506 450 τοῖς
1531 397 1760 455 Ῥωμαίοις

101 468 175 510 ἐπὶ
216 468 292 526 τὴν
325 467 543 522 Βεθώραν
584 463 781 511 ἀνιοῦσιν
818 467 1088 523 προσπεσών
1120 465 1141 510 ὁ
1174 471 1252 510 τοῦ
1289 468 1434 523 Γιώρα
1466 472 1614 522 Σίμων
1646 467 1758 510 πολὺ

102 539 177 592 τῆς
217 533 424 591 οἷ’ραγίας
465 535 710 591 ἐσπάραξεν
751 538 823 578 καὶ
866 535 996 589 συχνὰ
1036 538 1123 578 τῶν
1166 535 1446 592 σκευοφόρων
1488 531 1760 586 ἀποσπάσας

99 600 255 660 ἤγαγει
279 604 340 653 εἰς
360 603 438 660 τὴν
461 603 606 647 πόλιν.
657 607 863 658 μέιοιτος
895 604 939 645 ὸὲ
970 605 1047 645 τοῦ
1078 607 1267 645 Κεστίου
1299 602 1409 645 κατὰ
1438 602 1584 658 χώραν
1614 606 1757 657 τρισιν

102 669 283 726 ἧιιέραις
306 672 346 713 οἱ
364 667 569 714 Ιουόαῑοι
590 670 644 713 τὰ
666 675 863 727 μετέωρα
890 668 1204 759 νῑατειλνφότες
1235 669 1265 711 ἐ
1258 670 1474 727 ιετήροιν
1505 669 1584 718 τὰς
1615 670 1758 724 παρό-

101 738 201 788 ὂους
247 738 372 795 ὸῆλοί
415 756 462 781 τε
505 754 616 794 ισαν
662 735 736 781 οὐκ
783 735 1067 795 ἠρεμήσοντες
1113 732 1365 791 ἀρξαμένων
1409 740 1496 779 τῶν
1535 734 1758 791 Ῥωμαίων

101 803 281 848 ‹Sosi-m.

215 876 252 915 3.
283 869 421 915 Ἔνθα
462 872 511 928 δὴ
553 873 740 915 κατιδων
774 869 909 928 ’Λγρί
910 888 1027 922 ιπας
1065 867 1166 914 οὐδὲ·
1206 870 1259 913 τὰ
1288 868 1510 925 Ῥωμαίων
1551 868 1756 915 ακίνδινα
1789 903 1796 913 ,

100 939 304 997 πλήθοις
327 936 514 994 απείρου
538 942 764 993 πολεμίων
793 956 847 980 τα
881 935 959 996 όρη
992 938 1278 995 περισχόντος
1310 955 1471 993 εκρινεν
1504 935 1756 993 ἀποπειρα-

101 1010 237 1064 θηναι
275 1010 362 1049 τῶν
393 1004 614 1051 Ἰουδαίων
656 1006 820 1062 λόγοις·
860 1024 882 1062 η
924 1006 1005 1062 γὰρ
1046 1005 1219 1056 πάντας
1258 1009 1431 1048 πείσειν
1471 1011 1757 1051 καταθέσθαι

100 1075 175 1116 τὸν
207 1075 400 1129 πόλεμον
432 1069 458 1132 ἢ
487 1077 571 1116 τῶν
601 1073 958 1117 εναντιωθέντων
990 1093 1030 1116 α
1020 1073 1261 1131 τοστήσειν
1291 1090 1340 1116 το
1373 1073 1430 1129 μὴ
1466 1089 1756 1131 συμφρονοιν.

100 1142 300 1198 ἐπεμψεν
347 1144 420 1185 οὑν
457 1144 544 1184 τῶν
583 1158 675 1197 παρ
738 1141 880 1197 {anfi
919 1158 1020 1192 τους
1058 1141 1254 1195 μάλιστα
1290 1145 1536 1196 γνωρίμοις
1577 1141 1757 1193 ἐκείνοις
1789 1173 1799 1185 ι

102 1206 287 1265 Βόρκιον
328 1227 376 1252 τε
412 1211 483 1252 καὶ
520 1214 706 1263 Φοῖβον,
748 1208 894 1259 δεξιάς
932 1226 979 1252 τε
1018 1208 1141 1264 παρὰ
1174 1213 1362 1252 Κεστίου
1400 1210 1471 1251 καὶ
1504 1209 1757 1267 συγγνώμην

99 1275 223 1332 παρὰ
250 1275 477 1331 Ῥωμαίοις
508 1273 687 1334 ἀσφαλῆ
718 1279 822 1331 περὶ
853 1279 939 1318 τῶν
969 1273 1286 1332 ἡμαρτημένων
1317 1275 1685 1331 ὑπισχνούμενος,
1720 1277 1757 1319 εἰ

98 1343 152 1385 τὰ
198 1343 313 1387 ὅπλα
359 1345 570 1401 ῥίψαντες
615 1343 730 1399 πρὸς
776 1340 933 1394 αὐτοὺς
970 1344 1306 1399 μεταβάλοιντο.
1365 1345 1587 1395 δείσαντες
1628 1345 1674 1387 δὲ
1715 1345 1757 1388 οἱ

100 1413 365 1454 στασιασταὶ
395 1411 452 1468 μὴ
486 1414 576 1454 πᾶν
607 1411 655 1455 τὸ
690 1413 868 1469 πλῆθος
901 1408 1053 1461 ἀδείας
1084 1411 1235 1454 ἐλπίδι
1265 1410 1380 1467 πρὸς
1410 1412 1486 1455 τὸν
1503 1408 1755 1468 Ἀγρίππαν

96 1479 408 1537 μεταβάληται,
439 1478 541 1529 τοίς
573 1474 655 1521 ἀπ’
693 1475 828 1522 αὐτοῦ
859 1479 1185 1534 πρεσβεύοντας
1217 1474 1425 1536 ὥρμησαν
1452 1475 1633 1523 ἀνελεῖν.
1683 1483 1755 1523 καὶ

100 1547 206 1601 πρὶν
245 1539 271 1603 ἢ
311 1548 601 1603 φθέγξασθαι
640 1545 716 1589 τὸν
753 1547 832 1600 μὲν
877 1550 1044 1601 Φοῖβον
1086 1547 1375 1603 διέφθειραν,
1417 1544 1439 1588 ὃ
1483 1547 1529 1589 δὲ
1568 1547 1755 1602 Βόρκιος

95 1616 288 1668 τρωθεὶς
309 1613 429 1670 ἔφθη
453 1615 701 1670 διαφυγεῖν·
734 1617 812 1656 τοῦ
834 1614 972 1670 δήμου
995 1615 1041 1657 δὲ
1061 1614 1165 1664 τοὺς
1189 1610 1574 1670 ἀγανακτήσαντας
1605 1617 1755 1665 λίθοις

97 1682 169 1724 καὶ
202 1681 346 1731 ξύλοις
377 1685 588 1731 παίοντες
619 1681 682 1732 εἰς
711 1682 760 1725 τὸ
796 1679 903 1724 ἄστυ
937 1682 1198 1740 συνήλασαν.

208 1753 246 1792 4.
280 1752 467 1799 Κέστιος
489 1749 534 1791 δὲ
554 1747 632 1806 τὴν
654 1749 768 1804 πρὸς
790 1745 1004 1806 ἀλλήλους
1027 1746 1168 1793 αὐτῶν
1195 1749 1386 1808 ταραχὴν
1418 1747 1617 1807 εὔκαιρον
1650 1748 1755 1792 ἰδών

206 1893 747 1939 PAMLVRCLatHegesippus
772 1895 807 1928 ΙΙ
834 1898 872 1928 15
897 1906 932 1938 p.
963 1898 1036 1930 160.

211 1952 225 1983 1
254 1945 514 1995 αὖτομολίσασ
538 1951 571 1985 V
662 1946 991 1997 αὐτομολήσαντες
1016 1955 1051 1986 et
1074 1962 1109 1986 u.
1137 1954 1156 1986 2
1181 1950 1457 1999 ἐστρατεύοντο
1484 1953 1594 1987 uertit
1616 1953 1687 1987 Lat

96 2000 167 2040 ἐπ’
191 2001 386 2052 Ἀγρίππα]
405 2006 556 2042 Hudson
580 2017 598 2041 e
623 2007 723 2042 codd.
741 2007 829 2042 Bod.
849 2009 884 2042 et
899 2007 1000 2043 Rost.
1026 2007 1070 2042 ab
1095 2008 1254 2054 aqrz'ppa
1270 2008 1342 2044 Lat
1367 2005 1538 2055 ἀγρίππα
1557 2008 1754 2043 PAMLRC

96 2056 293 2108 ἅγρίππασ
313 2062 346 2096 V
452 2065 471 2096 3
498 2061 534 2099 οἳ
558 2063 717 2099 ἰουδαῖοι
741 2063 909 2099 MLVRG
1014 2060 1258 2111 ὑπέστρεψαν
1282 2065 1315 2099 V
1420 2062 1593 2110 κατόπην
1616 2066 1648 2098 Α

97 2120 117 2151 4
146 2115 343 2164 Βεθώραν]
374 2118 466 2153 PAL
502 2122 712 2167 βαιθωρῶν
741 2120 875 2155 MVRC
912 2120 1086 2155 bethoron
1118 2119 1188 2154 Lat
1328 2118 1348 2157 ὁ
1385 2133 1412 2156 s.
1448 2122 1474 2157 C
1612 2115 1753 2167 γειιόρα

96 2173 161 2208 LR
276 2178 294 2208 5
321 2170 514 2221 οὐραγίας]
541 2171 727 2222 οὖραγιάσ
752 2172 878 2212 αὐτῶν
902 2176 940 2210 Μ
1056 2172 1299 2219 ἀποσπάσας]
1325 2176 1544 2224 ἐξαρπάσασ
1567 2178 1663 2212 VRC

97 2243 114 2273 7
142 2239 190 2283 οἳ]
215 2252 282 2276 om.
309 2242 337 2275 P
364 2241 399 2278 οἱ
424 2243 462 2279 δὲ
485 2243 533 2278 V¹
604 2246 623 2278 8
648 2244 670 2279 i.
696 2254 805 2287 marg.
832 2236 878 2289 2—71
898 2244 930 2279 V
1002 2239 1329 2290 οὐχῆρεμήσοντεσ
1353 2243 1416 2277 ΡΑ
1483 2242 1755 2291 ἧρεμήσοντεσ,

96 2291 163 2342 ἦρε
194 2308 238 2332 ex
268 2297 334 2344 ἐρη
366 2309 457 2334 corr.
486 2299 520 2333 R
659 2296 922 2344 ῙΟῬωμαίων]
957 2299 1141 2346 ρωμαίων
1173 2297 1313 2335 ὁδεύειν
1338 2300 1421 2342 ΡΑ,
1453 2300 1500 2336 cf.
1530 2313 1565 2337 u.
1598 2305 1617 2336 9

100 2356 135 2387 11
176 2353 353 2399 πλήθους]
390 2352 562 2400 πλήθουσ
599 2356 639 2392 τὲ
668 2356 702 2390 R
839 2353 1090 2403 περισχόντεσ
1119 2356 1152 2390 V
1183 2355 1431 2401 περιέχοντοσ
1462 2357 1495 2391 R
1525 2360 1561 2392 et
1590 2359 1613 2392 i.
1644 2368 1752 2402 marg.

97 2419 141 2443 m.
167 2412 186 2444 2
210 2411 243 2445 V
382 2414 420 2445 13
446 2414 524 2446 τῶν
547 2410 868 2454 ἐναντιωθέντων]
894 2415 971 2448 τῶν
995 2410 1179 2448 ἐναντίων
1203 2412 1297 2446 VRC
1322 2414 1356 2446 si
1386 2413 1448 2457 qui
1471 2413 1755 2449 aduersarentur

96 2463 167 2499 Lat
191 2469 304 2501 τινῶν
326 2465 635 2504 ἐναντιωθέντων
658 2468 834 2503 Destinon
926 2465 1139 2514 ἀποστῆσαι
1165 2468 1259 2503 VRC
1354 2471 1395 2503 14
1418 2467 1575 2505 ἐκείνων
1598 2469 1665 2505 VR

100 2523 139 2553 15
170 2516 347 2569 Βόρκιόν]
379 2522 440 2557 PA
472 2522 662 2570 βορκαῑόν
694 2524 860 2560 MLVRC
894 2524 1085 2559 borcaeum
1115 2524 1186 2558 Lat
1219 2524 1368 2559 lorcium
1402 2525 1502 2560 codd.
1529 2526 1608 2569 Heg
1699 2530 1752 2568 τε]

98 2621 139 2644 τε
169 2612 232 2646 καὶ
260 2611 322 2644 PA
414 2610 610 2659 συγνιόμην
634 2613 667 2648 R
765 2617 804 2648 16
835 2612 1016 2659 ῥωμαίων
1039 2613 1172 2648 MLRC
1266 2593 1415 2660 α’σφοαλῆ
1440 2615 1473 2649 V
1565 2615 1600 2651 εἰ
1609 2634 1632 2657 ·,
1663 2625 1753 2651 eras.

101 2675 123 2698 σ
140 2663 171 2698 R
242 2669 280 2700 17
300 2668 490 2711 δείσαντες
504 2669 650 2704 iterauit
665 2670 723 2704 M1
792 2665 829 2705 δ’
847 2670 877 2704 L
950 2673 988 2705 18
1008 2673 1085 2706 πᾶν
1102 2667 1160 2710 τὸ]
1182 2666 1227 2705 τὸ
1252 2673 1329 2706 πᾶν
1346 2671 1373 2704 Ρ
1398 2685 1432 2707 τι
1457 2669 1505 2707 ἄν
1528 2668 1573 2707 τὸ
1592 2671 1687 2706 VRC

103 2721 142 2753 19
167 2721 477 2768 πρεσβεύσοντασ
493 2725 566 2766 PA,
591 2726 685 2760 unde
709 2723 1017 2772 πρεσβεύσαντας
1032 2726 1141 2760 Niese
1212 2729 1253 2761 20
1279 2721 1453 2772 Βόρκιος]
1477 2727 1540 2760 ΡΑ
1563 2731 1755 2774 βορκαῖοσ

100 2773 231 2811 MLRO
254 2781 446 2824 βαρκαῖοσ
469 2781 501 2816 V
527 2782 702 2817 borcaeus
725 2781 795 2815 Lat
819 2782 955 2816 Lorcz'us
980 2782 1081 2817 codd.
1106 2781 1184 2826 Heg
1307 2786 1345 2817 21
1374 2797 1448 2829 αγα
1466 2782 1470 2827 Ι
1485 2796 1703 2829 κτησαντασ
1726 2784 1754 2818 Ρ

101 2838 487 2890 ἐπαγανακτήσαντασ
512 2847 606 2883 VRC
731 2848 754 2883 i.
779 2858 888 2892 marg.
916 2843 975 2884 Μ’
998 2849 1031 2884 V
1158 2852 1198 2884 22
1224 2850 1246 2884 i
1272 2860 1381 2893 marg.
1406 2843 1450 2897 λῖ]
1475 2850 1501 2885 G
1616 2853 1658 2885 23
1688 2850 1756 2896 τὴν

103 2892 213 2942 πρὸσ,
236 2898 302 2934 litt.
327 2900 374 2945 ὴν
396 2902 471 2948 πρὸ
496 2903 518 2937 i.
545 2914 614 2939 ras.
640 2905 728 2938 3—-4
752 2904 819 2939 litt.
845 2904 884 2937 M

1789 1348 1869 1387 525

1788 1483 1869 1523 526

1787 1754 1867 1793 527
