<?xml version="1.0" encoding="UTF-8"?>
<!DOCTYPE html PUBLIC "-//W3C//DTD XHTML 1.0 Transitional//EN"
    "http://www.w3.org/TR/xhtml1/DTD/xhtml1-transitional.dtd">
<html xmlns="http://www.w3.org/1999/xhtml" xml:lang="en" lang="en">
 <head>
  <title>
</title>
<meta http-equiv="Content-Type" content="text/html;charset=utf-8" />
  <meta name='ocr-system' content='tesseract 3.04.00' />
  <meta name='ocr-capabilities' content='ocr_page ocr_carea ocr_par ocr_line ocrx_word'/>
</head>
<body>
  <div class='ocr_page' id='page_1' title='image "./operajosephus06joseuoft_0706.png"; bbox 0 0 2018 3236; ppageno 0'>
   <div class='ocr_carea' id='block_1_1' title="bbox 182 111 1425 153">
    <p class='ocr_par' dir='ltr' id='par_1_1' title="bbox 182 111 1425 153">
     <span class='ocr_line' id='line_1_1' title="bbox 182 111 1425 153; baseline -0.008 0"><span class='ocrx_word' id='word_1_1' title='bbox 182 117 261 153; x_wconf 79' lang='lat'><em>626</em></span> <span class='ocrx_word' id='word_1_2' title='bbox 576 114 640 147; x_wconf 87' lang='lat' dir='ltr'><em>DE</em></span> <span class='ocrx_word' id='word_1_3' title='bbox 666 112 823 146; x_wconf 89' lang='lat' dir='ltr'><strong>BELLO</strong></span> <span class='ocrx_word' id='word_1_4' title='bbox 850 112 946 146; x_wconf 93' lang='lat' dir='ltr'>IUD.</span> <span class='ocrx_word' id='word_1_5' title='bbox 974 111 1038 146; x_wconf 90' lang='lat' dir='ltr'><em>VII</em></span> <span class='ocrx_word' id='word_1_6' title='bbox 1064 113 1238 146; x_wconf 79' lang='lat'>438—445</span> <span class='ocrx_word' id='word_1_7' title='bbox 1265 113 1311 152; x_wconf 77' lang='grc' dir='ltr'><em>(ΧΙ</em></span> <span class='ocrx_word' id='word_1_8' title='bbox 1341 117 1366 143; x_wconf 87' lang='lat'><em>1.</em></span> <span class='ocrx_word' id='word_1_9' title='bbox 1394 114 1425 153; x_wconf 74' lang='lat'><em>2)</em></span> 
     </span>
    </p>
   </div>
   <div class='ocr_carea' id='block_1_2' title="bbox 67 218 1900 1558">
    <p class='ocr_par' dir='ltr' id='par_1_2' title="bbox 67 218 1900 1558">
     <span class='ocr_line' id='line_1_2' title="bbox 183 218 1830 282; baseline -0.002 -12"><span class='ocrx_word' id='word_1_10' title='bbox 183 224 363 281; x_wconf 76' lang='grc' dir='ltr'><em>ἀπόρων</em></span> <span class='ocrx_word' id='word_1_11' title='bbox 403 222 606 268; x_wconf 78' lang='grc' dir='ltr'><em>ἇνὲπεισε</em></span> <span class='ocrx_word' id='word_1_12' title='bbox 645 223 874 279; x_wconf 63' lang='grc' dir='ltr'><em>πρόσεχειν</em></span> <span class='ocrx_word' id='word_1_13' title='bbox 908 218 1024 277; x_wconf 70' lang='grc' dir='ltr'><em>αύτῷ</em></span> <span class='ocrx_word' id='word_1_14' title='bbox 1062 224 1134 265; x_wconf 86' lang='grc' dir='ltr'><em>καὶ</em></span> <span class='ocrx_word' id='word_1_15' title='bbox 1172 222 1421 279; x_wconf 75' lang='grc' dir='ltr'><em>προήγαγεν</em></span> <span class='ocrx_word' id='word_1_16' title='bbox 1461 223 1522 274; x_wconf 85' lang='grc' dir='ltr'><em>εἷς</em></span> <span class='ocrx_word' id='word_1_17' title='bbox 1554 223 1632 280; x_wconf 77' lang='grc' dir='ltr'><em>τὴν</em></span> <span class='ocrx_word' id='word_1_18' title='bbox 1672 225 1830 282; x_wconf 74' lang='grc' dir='ltr'><em>ἔρημον</em></span> 
     </span>
     <span class='ocr_line' id='line_1_3' title="bbox 70 286 1831 350; baseline -0.002 -13"><span class='ocrx_word' id='word_1_19' title='bbox 70 297 150 337; x_wconf 82' lang='grc'><em>439</em></span> <span class='ocrx_word' id='word_1_20' title='bbox 183 302 340 350; x_wconf 87' lang='grc' dir='ltr'><em>σημεῖα</em></span> <span class='ocrx_word' id='word_1_21' title='bbox 378 294 448 334; x_wconf 84' lang='grc' dir='ltr'><em>καὶ</em></span> <span class='ocrx_word' id='word_1_22' title='bbox 489 292 701 347; x_wconf 71' lang='grc' dir='ltr'><em>φάσματα</em></span> <span class='ocrx_word' id='word_1_23' title='bbox 740 289 896 339; x_wconf 76' lang='grc' dir='ltr'><em>δείξειν</em></span> <span class='ocrx_word' id='word_1_24' title='bbox 926 286 1280 343; x_wconf 72' lang='grc' dir='ltr'><em>ὑπισχνούμενος.</em></span> <span class='ocrx_word' id='word_1_25' title='bbox 1330 293 1401 333; x_wconf 84' lang='grc' dir='ltr'><em>καὶ</em></span> <span class='ocrx_word' id='word_1_26' title='bbox 1433 290 1534 341; x_wconf 65' lang='grc' dir='ltr'><em>τοὺς</em></span> <span class='ocrx_word' id='word_1_27' title='bbox 1564 292 1643 345; x_wconf 81' lang='grc' dir='ltr'><em>μὲν</em></span> <span class='ocrx_word' id='word_1_28' title='bbox 1674 289 1831 342; x_wconf 71' lang='grc' dir='ltr'><em>ἄλλους</em></span> 
     </span>
     <span class='ocr_line' id='line_1_4' title="bbox 180 355 1829 412; baseline -0.001 -10"><span class='ocrx_word' id='word_1_29' title='bbox 180 360 394 403; x_wconf 76' lang='grc' dir='ltr'><em>ἐλάνθανε</em></span> <span class='ocrx_word' id='word_1_30' title='bbox 433 361 569 400; x_wconf 78' lang='grc' dir='ltr'><em>ταῦτα</em></span> <span class='ocrx_word' id='word_1_31' title='bbox 609 356 985 412; x_wconf 71' lang='grc' dir='ltr'><em>διαπραττόμενος</em></span> <span class='ocrx_word' id='word_1_32' title='bbox 1015 359 1087 399; x_wconf 83' lang='grc' dir='ltr'><em>καὶ</em></span> <span class='ocrx_word' id='word_1_33' title='bbox 1119 357 1381 412; x_wconf 78' lang='grc' dir='ltr'><em>φενακίζων,</em></span> <span class='ocrx_word' id='word_1_34' title='bbox 1423 358 1465 400; x_wconf 81' lang='grc' dir='ltr'><em>οἱ</em></span> <span class='ocrx_word' id='word_1_35' title='bbox 1496 358 1542 400; x_wconf 79' lang='grc' dir='ltr'><em>δὲ</em></span> <span class='ocrx_word' id='word_1_36' title='bbox 1572 367 1664 408; x_wconf 88' lang='grc' dir='ltr'><em>τοῖς</em></span> <span class='ocrx_word' id='word_1_37' title='bbox 1695 355 1829 409; x_wconf 77' lang='grc' dir='ltr'><em>ἀξιώ-</em></span> 
     </span>
     <span class='ocr_line' id='line_1_5' title="bbox 179 420 1828 480; baseline 0 -12"><span class='ocrx_word' id='word_1_38' title='bbox 179 441 287 480; x_wconf 83' lang='grc' dir='ltr'><em>μασι</em></span> <span class='ocrx_word' id='word_1_39' title='bbox 311 425 573 479; x_wconf 82' lang='grc' dir='ltr'><em>προύχοντες</em></span> <span class='ocrx_word' id='word_1_40' title='bbox 603 427 689 466; x_wconf 80' lang='grc' dir='ltr'><em>τῶν</em></span> <span class='ocrx_word' id='word_1_41' title='bbox 721 423 795 466; x_wconf 73' lang='grc' dir='ltr'><em>ἐπὶ</em></span> <span class='ocrx_word' id='word_1_42' title='bbox 825 426 905 480; x_wconf 78' lang='grc' dir='ltr'><em>τῆς</em></span> <span class='ocrx_word' id='word_1_43' title='bbox 935 424 1136 480; x_wconf 78' lang='grc' dir='ltr'><em>Κυρήνης</em></span> <span class='ocrx_word' id='word_1_44' title='bbox 1161 420 1380 467; x_wconf 75' lang='grc' dir='ltr'><em>Ἰουδαίων</em></span> <span class='ocrx_word' id='word_1_45' title='bbox 1410 424 1485 480; x_wconf 79' lang='grc' dir='ltr'><em>την</em></span> <span class='ocrx_word' id='word_1_46' title='bbox 1517 425 1666 475; x_wconf 75' lang='grc' dir='ltr'><em>ἔξοδον</em></span> <span class='ocrx_word' id='word_1_47' title='bbox 1698 421 1828 468; x_wconf 65' lang='grc' dir='ltr'><em>αὐτοῦ</em></span> 
     </span>
     <span class='ocr_line' id='line_1_6' title="bbox 179 489 1878 550; baseline -0.001 -16"><span class='ocrx_word' id='word_1_48' title='bbox 179 494 249 535; x_wconf 81' lang='grc' dir='ltr'><em>καὶ</em></span> <span class='ocrx_word' id='word_1_49' title='bbox 295 490 574 547; x_wconf 72' lang='grc' dir='ltr'><em>παρασκευὴν</em></span> <span class='ocrx_word' id='word_1_50' title='bbox 613 494 675 547; x_wconf 71' lang='grc' dir='ltr'><em>τῷ</em></span> <span class='ocrx_word' id='word_1_51' title='bbox 715 493 793 544; x_wconf 73' lang='grc' dir='ltr'><em>τῆς</em></span> <span class='ocrx_word' id='word_1_52' title='bbox 831 491 1146 541; x_wconf 70' lang='grc' dir='ltr'><em>πενταπόλεως</em></span> <span class='ocrx_word' id='word_1_53' title='bbox 1184 491 1360 548; x_wconf 74' lang='grc' dir='ltr'><em>Λιβύης</em></span> <span class='ocrx_word' id='word_1_54' title='bbox 1400 489 1579 547; x_wconf 57' lang='grc' dir='ltr'><em>ἡγεμόνι</em></span> <span class='ocrx_word' id='word_1_55' title='bbox 1619 493 1830 550; x_wconf 75' lang='grc' dir='ltr'><em>Κατύλλῳ</em></span> <span class='ocrx_word' id='word_1_56' title='bbox 1860 503 1878 533; x_wconf 84' lang='grc'><strong>5</strong></span> 
     </span>
     <span class='ocr_line' id='line_1_7' title="bbox 70 555 1831 616; baseline -0.002 -12"><span class='ocrx_word' id='word_1_57' title='bbox 70 566 148 605; x_wconf 91' lang='lat'><em>440</em></span> <span class='ocrx_word' id='word_1_58' title='bbox 180 559 593 614; x_wconf 71' lang='grc' dir='ltr'><em>προσαγγέλλουσιν.</em></span> <span class='ocrx_word' id='word_1_59' title='bbox 649 556 670 600; x_wconf 81' lang='grc' dir='ltr'>ὁ</span> <span class='ocrx_word' id='word_1_60' title='bbox 712 555 752 600; x_wconf 67' lang='grc' dir='ltr'><em>δ’</em></span> <span class='ocrx_word' id='word_1_61' title='bbox 797 558 968 608; x_wconf 79' lang='grc' dir='ltr'><em>ἱππέας</em></span> <span class='ocrx_word' id='word_1_62' title='bbox 998 575 1044 600; x_wconf 89' lang='grc' dir='ltr'><em>τε</em></span> <span class='ocrx_word' id='word_1_63' title='bbox 1074 560 1147 600; x_wconf 83' lang='grc' dir='ltr'><em>καὶ</em></span> <span class='ocrx_word' id='word_1_64' title='bbox 1180 558 1337 609; x_wconf 61' lang='grc' dir='ltr'><em>πεζούς</em></span> <span class='ocrx_word' id='word_1_65' title='bbox 1367 555 1637 609; x_wconf 75' lang='grc' dir='ltr'><em>ἀποστείλας</em></span> <span class='ocrx_word' id='word_1_66' title='bbox 1668 559 1831 616; x_wconf 74' lang='grc' dir='ltr'><em>ῥᾳδίως</em></span> 
     </span>
     <span class='ocr_line' id='line_1_8' title="bbox 183 621 1831 682; baseline 0.001 -14"><span class='ocrx_word' id='word_1_67' title='bbox 183 626 412 682; x_wconf 73' lang='grc' dir='ltr'><em>ἐκράτησεν</em></span> <span class='ocrx_word' id='word_1_68' title='bbox 436 621 654 677; x_wconf 76' lang='grc' dir='ltr'><em>ἀνόπλων,</em></span> <span class='ocrx_word' id='word_1_69' title='bbox 686 627 758 668; x_wconf 83' lang='grc' dir='ltr'><em>καὶ</em></span> <span class='ocrx_word' id='word_1_70' title='bbox 784 625 831 668; x_wconf 84' lang='grc' dir='ltr'><em>τὸ</em></span> <span class='ocrx_word' id='word_1_71' title='bbox 864 626 942 679; x_wconf 77' lang='grc' dir='ltr'><em>μὲν</em></span> <span class='ocrx_word' id='word_1_72' title='bbox 974 625 1108 667; x_wconf 77' lang='grc' dir='ltr'><em>πλέον</em></span> <span class='ocrx_word' id='word_1_73' title='bbox 1141 625 1184 667; x_wconf 75' lang='grc' dir='ltr'><em>ἓν</em></span> <span class='ocrx_word' id='word_1_74' title='bbox 1211 628 1359 679; x_wconf 84' lang='grc' dir='ltr'><em>χερσὶν</em></span> <span class='ocrx_word' id='word_1_75' title='bbox 1392 626 1608 678; x_wconf 80' lang='grc' dir='ltr'><em>ἀπώλετο,</em></span> <span class='ocrx_word' id='word_1_76' title='bbox 1639 627 1754 677; x_wconf 80' lang='grc' dir='ltr'><em>τινὲς</em></span> <span class='ocrx_word' id='word_1_77' title='bbox 1785 627 1831 669; x_wconf 83' lang='grc' dir='ltr'><em>δὲ</em></span> 
     </span>
     <span class='ocr_line' id='line_1_9' title="bbox 70 689 1831 750; baseline -0.001 -13"><span class='ocrx_word' id='word_1_78' title='bbox 70 699 145 737; x_wconf 83' lang='lat'><em>441</em></span> <span class='ocrx_word' id='word_1_79' title='bbox 179 696 250 735; x_wconf 84' lang='grc' dir='ltr'><em>καὶ</em></span> <span class='ocrx_word' id='word_1_80' title='bbox 274 692 567 750; x_wconf 70' lang='grc' dir='ltr'><em>ζωγρηθέντες</em></span> <span class='ocrx_word' id='word_1_81' title='bbox 599 690 855 748; x_wconf 76' lang='grc' dir='ltr'><em>ἀνήχθησαν</em></span> <span class='ocrx_word' id='word_1_82' title='bbox 886 691 1000 747; x_wconf 82' lang='grc' dir='ltr'><em>πρὸς</em></span> <span class='ocrx_word' id='word_1_83' title='bbox 1030 692 1105 735; x_wconf 86' lang='grc' dir='ltr'><em>τὸν</em></span> <span class='ocrx_word' id='word_1_84' title='bbox 1135 693 1375 735; x_wconf 81' lang='grc' dir='ltr'><em>Κάτυλλον.</em></span> <span class='ocrx_word' id='word_1_85' title='bbox 1426 691 1448 736; x_wconf 77' lang='grc' dir='ltr'><em>ὁ</em></span> <span class='ocrx_word' id='word_1_86' title='bbox 1483 689 1524 735; x_wconf 65' lang='grc' dir='ltr'><em>δ’</em></span> <span class='ocrx_word' id='word_1_87' title='bbox 1560 692 1725 749; x_wconf 73' lang='grc' dir='ltr'><em>ἡγεμών</em></span> <span class='ocrx_word' id='word_1_88' title='bbox 1753 697 1831 736; x_wconf 81' lang='grc' dir='ltr'><em>τοῦ</em></span> 
     </span>
     <span class='ocr_line' id='line_1_10' title="bbox 178 756 1831 817; baseline 0 -15"><span class='ocrx_word' id='word_1_89' title='bbox 178 760 474 814; x_wconf 72' lang='grc' dir='ltr'><em>βουλεύματος</em></span> <span class='ocrx_word' id='word_1_90' title='bbox 499 756 711 814; x_wconf 78' lang='grc' dir='ltr'><em>Ἰωνάθης</em></span> <span class='ocrx_word' id='word_1_91' title='bbox 745 759 845 802; x_wconf 89' lang='grc' dir='ltr'><em>τότε</em></span> <span class='ocrx_word' id='word_1_92' title='bbox 874 760 952 813; x_wconf 77' lang='grc' dir='ltr'><em>μὲν</em></span> <span class='ocrx_word' id='word_1_93' title='bbox 985 760 1181 817; x_wconf 68' lang='grc' dir='ltr'><em>διέφυγε,</em></span> <span class='ocrx_word' id='word_1_94' title='bbox 1223 762 1391 816; x_wconf 84' lang='grc' dir='ltr'><em>πολλῆς</em></span> <span class='ocrx_word' id='word_1_95' title='bbox 1423 761 1468 803; x_wconf 75' lang='grc' dir='ltr'><em>δὲ</em></span> <span class='ocrx_word' id='word_1_96' title='bbox 1498 762 1570 803; x_wconf 87' lang='grc' dir='ltr'><em>καὶ</em></span> <span class='ocrx_word' id='word_1_97' title='bbox 1603 763 1701 804; x_wconf 90' lang='grc' dir='ltr'><em>λίαν</em></span> <span class='ocrx_word' id='word_1_98' title='bbox 1733 760 1831 803; x_wconf 73' lang='grc' dir='ltr'><em>ἐπι-</em></span> 
     </span>
     <span class='ocr_line' id='line_1_11' title="bbox 179 823 1898 884; baseline 0.001 -15"><span class='ocrx_word' id='word_1_99' title='bbox 179 829 334 881; x_wconf 78' lang='grc' dir='ltr'><em>μελοῦς</em></span> <span class='ocrx_word' id='word_1_100' title='bbox 374 824 455 870; x_wconf 76' lang='grc' dir='ltr'><em>ἀνα</em></span> <span class='ocrx_word' id='word_1_101' title='bbox 493 829 643 869; x_wconf 81' lang='grc' dir='ltr'><em>πᾶσαν</em></span> <span class='ocrx_word' id='word_1_102' title='bbox 673 826 752 882; x_wconf 71' lang='grc' dir='ltr'><em>τὴν</em></span> <span class='ocrx_word' id='word_1_103' title='bbox 780 826 925 881; x_wconf 78' lang='grc' dir='ltr'><em>χώραν</em></span> <span class='ocrx_word' id='word_1_104' title='bbox 957 826 1174 883; x_wconf 67' lang='grc' dir='ltr'><em>ζητήσεως</em></span> <span class='ocrx_word' id='word_1_105' title='bbox 1203 828 1436 884; x_wconf 74' lang='grc' dir='ltr'><em>γενομένης</em></span> <span class='ocrx_word' id='word_1_106' title='bbox 1467 823 1578 883; x_wconf 72' lang='grc' dir='ltr'><em>ἥλω,</em></span> <span class='ocrx_word' id='word_1_107' title='bbox 1619 829 1688 870; x_wconf 82' lang='grc' dir='ltr'><em>καὶ</em></span> <span class='ocrx_word' id='word_1_108' title='bbox 1721 827 1833 882; x_wconf 80' lang='grc' dir='ltr'><em>πρὸς</em></span> <span class='ocrx_word' id='word_1_109' title='bbox 1864 837 1898 870; x_wconf 87' lang='grc'><em>10</em></span> 
     </span>
     <span class='ocr_line' id='line_1_12' title="bbox 179 891 1830 951; baseline 0 -15"><span class='ocrx_word' id='word_1_110' title='bbox 179 894 255 937; x_wconf 73' lang='grc' dir='ltr'><em>τὸν</em></span> <span class='ocrx_word' id='word_1_111' title='bbox 281 892 468 950; x_wconf 74' lang='grc' dir='ltr'><em>ἧγεμόνα</em></span> <span class='ocrx_word' id='word_1_112' title='bbox 501 891 711 947; x_wconf 77' lang='grc' dir='ltr'><em>ἀναχθεὶς</em></span> <span class='ocrx_word' id='word_1_113' title='bbox 744 892 861 949; x_wconf 66' lang='grc' dir='ltr'><em>αύτῷ</em></span> <span class='ocrx_word' id='word_1_114' title='bbox 890 895 968 947; x_wconf 82' lang='grc' dir='ltr'><em>μὲν</em></span> <span class='ocrx_word' id='word_1_115' title='bbox 1001 894 1242 951; x_wconf 76' lang='grc' dir='ltr'><em>ἐμηχανᾶτο</em></span> <span class='ocrx_word' id='word_1_116' title='bbox 1274 897 1352 950; x_wconf 75' lang='grc' dir='ltr'><em>τῆς</em></span> <span class='ocrx_word' id='word_1_117' title='bbox 1382 900 1598 949; x_wconf 81' lang='grc' dir='ltr'><em>τιμωρίας</em></span> <span class='ocrx_word' id='word_1_118' title='bbox 1629 891 1830 937; x_wconf 72' lang='grc' dir='ltr'><em>ἀπαλλα-</em></span> 
     </span>
     <span class='ocr_line' id='line_1_13' title="bbox 68 957 1831 1019; baseline -0.001 -14"><span class='ocrx_word' id='word_1_119' title='bbox 68 967 147 1005; x_wconf 70' lang='lat'><em>442</em></span> <span class='ocrx_word' id='word_1_120' title='bbox 177 962 267 1017; x_wconf 67' lang='grc' dir='ltr'><em>γην,</em></span> <span class='ocrx_word' id='word_1_121' title='bbox 300 964 362 1017; x_wconf 74' lang='grc' dir='ltr'><em>τῷ</em></span> <span class='ocrx_word' id='word_1_122' title='bbox 383 962 594 1017; x_wconf 81' lang='grc' dir='ltr'><em>Κατύλλῳ</em></span> <span class='ocrx_word' id='word_1_123' title='bbox 617 959 657 1003; x_wconf 78' lang='grc' dir='ltr'><em>δ’</em></span> <span class='ocrx_word' id='word_1_124' title='bbox 693 961 849 1004; x_wconf 76' lang='grc' dir='ltr'><em>ἐ’δωκεν</em></span> <span class='ocrx_word' id='word_1_125' title='bbox 882 957 1082 1018; x_wconf 75' lang='grc' dir='ltr'><em>ἀφορμὴν</em></span> <span class='ocrx_word' id='word_1_126' title='bbox 1114 959 1406 1019; x_wconf 74' lang='grc' dir='ltr'><em>ἀδικημάτων.</em></span> <span class='ocrx_word' id='word_1_127' title='bbox 1457 961 1478 1005; x_wconf 82' lang='grc' dir='ltr'>ὁ</span> <span class='ocrx_word' id='word_1_128' title='bbox 1510 963 1588 1016; x_wconf 78' lang='grc' dir='ltr'><em>μὲν</em></span> <span class='ocrx_word' id='word_1_129' title='bbox 1618 963 1699 1018; x_wconf 80' lang='grc' dir='ltr'><em>γὰρ</em></span> <span class='ocrx_word' id='word_1_130' title='bbox 1730 961 1831 1012; x_wconf 72' lang='grc' dir='ltr'><em>τους</em></span> 
     </span>
     <span class='ocr_line' id='line_1_14' title="bbox 182 1025 1831 1085; baseline 0.001 -15"><span class='ocrx_word' id='word_1_131' title='bbox 182 1029 540 1079; x_wconf 75' lang='grc' dir='ltr'><em>πλουσιωτάτους</em></span> <span class='ocrx_word' id='word_1_132' title='bbox 584 1034 669 1071; x_wconf 85' lang='grc' dir='ltr'><em>τῶν</em></span> <span class='ocrx_word' id='word_1_133' title='bbox 704 1025 925 1072; x_wconf 79' lang='grc' dir='ltr'><em>Ἰουδαίων</em></span> <span class='ocrx_word' id='word_1_134' title='bbox 966 1029 1083 1085; x_wconf 71' lang='grc' dir='ltr'><em>ἔλεγε</em></span> <span class='ocrx_word' id='word_1_135' title='bbox 1118 1029 1503 1084; x_wconf 70' lang='grc' dir='ltr'><em>καταψευδόμενος</em></span> <span class='ocrx_word' id='word_1_136' title='bbox 1542 1029 1831 1080; x_wconf 79' lang='grc' dir='ltr'><em>διδασκάλους</em></span> 
     </span>
     <span class='ocr_line' id='line_1_15' title="bbox 68 1093 1830 1152; baseline -0.001 -12"><span class='ocrx_word' id='word_1_137' title='bbox 68 1101 146 1141; x_wconf 79' lang='lat'><em>443</em></span> <span class='ocrx_word' id='word_1_138' title='bbox 180 1093 294 1152; x_wconf 71' lang='grc' dir='ltr'><em>αύτῷ</em></span> <span class='ocrx_word' id='word_1_139' title='bbox 333 1099 410 1139; x_wconf 84' lang='grc' dir='ltr'><em>τοῦ</em></span> <span class='ocrx_word' id='word_1_140' title='bbox 448 1096 745 1150; x_wconf 65' lang='grc' dir='ltr'><em>βουλεύματος</em></span> <span class='ocrx_word' id='word_1_141' title='bbox 782 1096 1023 1151; x_wconf 76' lang='grc' dir='ltr'><em>γεγονεναι,</em></span> <span class='ocrx_word' id='word_1_142' title='bbox 1064 1101 1101 1139; x_wconf 87' lang='lat'><em>2.</em></span> <span class='ocrx_word' id='word_1_143' title='bbox 1137 1098 1384 1151; x_wconf 82' lang='grc' dir='ltr'><em>προθύμως</em></span> <span class='ocrx_word' id='word_1_144' title='bbox 1424 1098 1470 1139; x_wconf 78' lang='grc' dir='ltr'><em>δὲ</em></span> <span class='ocrx_word' id='word_1_145' title='bbox 1510 1096 1589 1147; x_wconf 83' lang='grc' dir='ltr'><em>τὰς</em></span> <span class='ocrx_word' id='word_1_146' title='bbox 1621 1096 1830 1151; x_wconf 79' lang='grc' dir='ltr'><em>διαβολὰς</em></span> 
     </span>
     <span class='ocr_line' id='line_1_16' title="bbox 181 1161 1898 1219; baseline -0.001 -13"><span class='ocrx_word' id='word_1_147' title='bbox 181 1165 343 1213; x_wconf 76' lang='grc' dir='ltr'><em>ἐκεῖνος</em></span> <span class='ocrx_word' id='word_1_148' title='bbox 365 1163 579 1217; x_wconf 73' lang='grc' dir='ltr'><em>ἐξεδέχετο</em></span> <span class='ocrx_word' id='word_1_149' title='bbox 604 1166 675 1206; x_wconf 84' lang='grc' dir='ltr'><em>καὶ</em></span> <span class='ocrx_word' id='word_1_150' title='bbox 706 1168 767 1219; x_wconf 72' lang='grc' dir='ltr'><em>τῷ</em></span> <span class='ocrx_word' id='word_1_151' title='bbox 799 1163 1027 1219; x_wconf 86' lang='grc' dir='ltr'><em>πράγματι</em></span> <span class='ocrx_word' id='word_1_152' title='bbox 1057 1165 1196 1206; x_wconf 79' lang='grc' dir='ltr'><em>πολὺν</em></span> <span class='ocrx_word' id='word_1_153' title='bbox 1229 1161 1353 1219; x_wconf 69' lang='grc' dir='ltr'><em>ι’)’γκον</em></span> <span class='ocrx_word' id='word_1_154' title='bbox 1385 1168 1635 1219; x_wconf 72' lang='grc' dir='ltr'><em>περιετίθει</em></span> <span class='ocrx_word' id='word_1_155' title='bbox 1665 1164 1832 1219; x_wconf 86' lang='grc' dir='ltr'><em>μεγάλα</em></span> <span class='ocrx_word' id='word_1_156' title='bbox 1863 1172 1898 1204; x_wconf 83' lang='grc'><em>15</em></span> 
     </span>
     <span class='ocr_line' id='line_1_17' title="bbox 180 1227 1831 1287; baseline 0.001 -16"><span class='ocrx_word' id='word_1_157' title='bbox 180 1231 553 1287; x_wconf 70' lang='grc' dir='ltr'><em>προστραγῳδῶν,</em></span> <span class='ocrx_word' id='word_1_158' title='bbox 591 1232 663 1274; x_wconf 74' lang='grc' dir='ltr'><em>ἵνα</em></span> <span class='ocrx_word' id='word_1_159' title='bbox 695 1231 835 1281; x_wconf 82' lang='grc' dir='ltr'><em>δόξειε</em></span> <span class='ocrx_word' id='word_1_160' title='bbox 865 1227 1022 1281; x_wconf 74' lang='grc' dir='ltr'><em>καύτὸς</em></span> <span class='ocrx_word' id='word_1_161' title='bbox 1046 1227 1281 1274; x_wconf 81' lang='grc' dir='ltr'><em>Ἰουδαϊκόν</em></span> <span class='ocrx_word' id='word_1_162' title='bbox 1311 1249 1408 1274; x_wconf 91' lang='grc' dir='ltr'><em>τινα</em></span> <span class='ocrx_word' id='word_1_163' title='bbox 1439 1231 1633 1285; x_wconf 86' lang='grc' dir='ltr'><em>πόλεμον</em></span> <span class='ocrx_word' id='word_1_164' title='bbox 1663 1248 1831 1286; x_wconf 83' lang='grc' dir='ltr'><em>κατωρ-</em></span> 
     </span>
     <span class='ocr_line' id='line_1_18' title="bbox 71 1297 1831 1354; baseline -0.001 -13"><span class='ocrx_word' id='word_1_165' title='bbox 71 1303 150 1341; x_wconf 77' lang='lat'><em>444</em></span> <span class='ocrx_word' id='word_1_166' title='bbox 181 1297 388 1341; x_wconf 79' lang='grc' dir='ltr'><em>θωκὲναι.</em></span> <span class='ocrx_word' id='word_1_167' title='bbox 447 1298 496 1341; x_wconf 82' lang='grc' dir='ltr'><em>τὸ</em></span> <span class='ocrx_word' id='word_1_168' title='bbox 539 1299 584 1341; x_wconf 81' lang='grc' dir='ltr'><em>δὲ</em></span> <span class='ocrx_word' id='word_1_169' title='bbox 625 1298 675 1354; x_wconf 73' lang='grc' dir='ltr'><em>δὴ</em></span> <span class='ocrx_word' id='word_1_170' title='bbox 717 1298 872 1340; x_wconf 84' lang='grc' dir='ltr'><em>τούτου</em></span> <span class='ocrx_word' id='word_1_171' title='bbox 900 1299 1223 1354; x_wconf 82' lang='grc' dir='ltr'><em>χαλεπώτερον,</em></span> <span class='ocrx_word' id='word_1_172' title='bbox 1263 1297 1374 1354; x_wconf 83' lang='grc' dir='ltr'><em>πρὸς</em></span> <span class='ocrx_word' id='word_1_173' title='bbox 1402 1298 1483 1353; x_wconf 79' lang='grc' dir='ltr'><em>γὰρ</em></span> <span class='ocrx_word' id='word_1_174' title='bbox 1514 1303 1575 1353; x_wconf 71' lang='grc' dir='ltr'><em>τῷ</em></span> <span class='ocrx_word' id='word_1_175' title='bbox 1606 1297 1831 1340; x_wconf 82' lang='grc' dir='ltr'><em>πιστεύειν</em></span> 
     </span>
     <span class='ocr_line' id='line_1_19' title="bbox 181 1357 1829 1422; baseline 0 -16"><span class='ocrx_word' id='word_1_176' title='bbox 181 1365 344 1422; x_wconf 72' lang='grc' dir='ltr'><em>ῥᾳδίως</em></span> <span class='ocrx_word' id='word_1_177' title='bbox 383 1365 447 1408; x_wconf 75' lang='grc' dir='ltr'><em>ἔτι</em></span> <span class='ocrx_word' id='word_1_178' title='bbox 491 1369 562 1410; x_wconf 86' lang='grc' dir='ltr'><em>καὶ</em></span> <span class='ocrx_word' id='word_1_179' title='bbox 610 1366 870 1416; x_wconf 84' lang='grc' dir='ltr'><em>διδάσκαλος</em></span> <span class='ocrx_word' id='word_1_180' title='bbox 920 1357 969 1419; x_wconf 63' lang='grc' dir='ltr'><em>ἧν</em></span> <span class='ocrx_word' id='word_1_181' title='bbox 1013 1372 1099 1408; x_wconf 85' lang='grc' dir='ltr'><em>τιῦν</em></span> <span class='ocrx_word' id='word_1_182' title='bbox 1145 1370 1354 1419; x_wconf 86' lang='grc' dir='ltr'><em>σικαρίων</em></span> <span class='ocrx_word' id='word_1_183' title='bbox 1397 1371 1474 1421; x_wconf 80' lang='grc' dir='ltr'><em>τῆς</em></span> <span class='ocrx_word' id='word_1_184' title='bbox 1520 1365 1829 1420; x_wconf 78' lang='grc' dir='ltr'><em>ψευδολογίας·</em></span> 
     </span>
     <span class='ocr_line' id='line_1_20' title="bbox 67 1428 1830 1488; baseline -0.001 -13"><span class='ocrx_word' id='word_1_185' title='bbox 67 1439 147 1477; x_wconf 75' lang='lat'><em>445</em></span> <span class='ocrx_word' id='word_1_186' title='bbox 177 1432 382 1482; x_wconf 84' lang='grc' dir='ltr'><em>κελεύσας</em></span> <span class='ocrx_word' id='word_1_187' title='bbox 418 1437 518 1488; x_wconf 73' lang='grc' dir='ltr'><em>γοῦν</em></span> <span class='ocrx_word' id='word_1_188' title='bbox 551 1430 682 1476; x_wconf 74' lang='grc' dir='ltr'><em>αὐτὸν</em></span> <span class='ocrx_word' id='word_1_189' title='bbox 713 1429 931 1487; x_wconf 78' lang='grc' dir='ltr'><em>ὀνομάσαι</em></span> <span class='ocrx_word' id='word_1_190' title='bbox 959 1432 1057 1476; x_wconf 80' lang='grc' dir='ltr'><em>τινὰ</em></span> <span class='ocrx_word' id='word_1_191' title='bbox 1089 1438 1174 1475; x_wconf 85' lang='grc' dir='ltr'><em>τιῦν</em></span> <span class='ocrx_word' id='word_1_192' title='bbox 1200 1430 1422 1475; x_wconf 79' lang='grc' dir='ltr'><em>Ἰουδαίων</em></span> <span class='ocrx_word' id='word_1_193' title='bbox 1448 1429 1755 1485; x_wconf 50' lang='grc' dir='ltr'><em>&gt;Αλεξανδρον,</em></span> <span class='ocrx_word' id='word_1_194' title='bbox 1796 1428 1830 1487; x_wconf 78' lang='grc' dir='ltr'><em>ᾦ</em></span> 
     </span>
     <span class='ocr_line' id='line_1_21' title="bbox 178 1499 1900 1558; baseline -0.001 -16"><span class='ocrx_word' id='word_1_195' title='bbox 178 1500 321 1543; x_wconf 86' lang='grc' dir='ltr'><em>πάλαι</em></span> <span class='ocrx_word' id='word_1_196' title='bbox 343 1500 699 1556; x_wconf 75' lang='grc' dir='ltr'><em>προσκεκρουκώς</em></span> <span class='ocrx_word' id='word_1_197' title='bbox 727 1500 917 1556; x_wconf 82' lang='grc' dir='ltr'><em>φανερὸν</em></span> <span class='ocrx_word' id='word_1_198' title='bbox 949 1500 1186 1558; x_wconf 78' lang='grc' dir='ltr'><em>ἐξενηνόχει</em></span> <span class='ocrx_word' id='word_1_199' title='bbox 1217 1499 1265 1542; x_wconf 77' lang='grc' dir='ltr'><em>τὸ</em></span> <span class='ocrx_word' id='word_1_200' title='bbox 1297 1509 1438 1554; x_wconf 89' lang='grc' dir='ltr'><em>μῖσος,</em></span> <span class='ocrx_word' id='word_1_201' title='bbox 1471 1499 1549 1553; x_wconf 72' lang='grc' dir='ltr'><em>τήν</em></span> <span class='ocrx_word' id='word_1_202' title='bbox 1578 1516 1625 1541; x_wconf 91' lang='grc' dir='ltr'><em>τε</em></span> <span class='ocrx_word' id='word_1_203' title='bbox 1654 1508 1833 1554; x_wconf 81' lang='grc' dir='ltr'><em>γυναῖκα</em></span> <span class='ocrx_word' id='word_1_204' title='bbox 1862 1508 1900 1540; x_wconf 82' lang='lat'><em>20</em></span> 
     </span>
    </p>
   </div>
   <div class='ocr_carea' id='block_1_3' title="bbox 185 1609 1824 1612">
    <p class='ocr_par' dir='ltr' id='par_1_3' title="bbox 185 1609 1824 1612">
     <span class='ocr_line' id='line_1_22' title="bbox 185 1609 1824 1612; baseline 0 0"><span class='ocrx_word' id='word_1_205' title='bbox 185 1609 1824 1612; x_wconf 95' lang='lat' dir='ltr'><em> </em></span> 
     </span>
    </p>
   </div>
   <div class='ocr_carea' id='block_1_4' title="bbox 178 1677 1830 2118">
    <p class='ocr_par' dir='ltr' id='par_1_4' title="bbox 290 1677 1329 1723">
     <span class='ocr_line' id='line_1_23' title="bbox 290 1677 1329 1723; baseline 0.001 -13"><span class='ocrx_word' id='word_1_206' title='bbox 290 1677 520 1712; x_wconf 85' lang='lat' dir='ltr'><strong>PAMLVRG</strong></span> <span class='ocrx_word' id='word_1_207' title='bbox 531 1678 614 1722; x_wconf 87' lang='lat' dir='ltr'>Lips</span> <span class='ocrx_word' id='word_1_208' title='bbox 625 1678 860 1713; x_wconf 79' lang='lat' dir='ltr'><strong>LatZonaras</strong></span> <span class='ocrx_word' id='word_1_209' title='bbox 877 1679 893 1712; x_wconf 97' lang='lat' dir='ltr'>I</span> <span class='ocrx_word' id='word_1_210' title='bbox 910 1690 944 1723; x_wconf 88' lang='lat' dir='ltr'><em>p.</em></span> <span class='ocrx_word' id='word_1_211' title='bbox 964 1681 1039 1712; x_wconf 82' lang='lat'>561.</span> <span class='ocrx_word' id='word_1_212' title='bbox 1076 1678 1155 1712; x_wconf 82' lang='lat' dir='ltr'><em>Exc</em></span> <span class='ocrx_word' id='word_1_213' title='bbox 1179 1678 1329 1712; x_wconf 82' lang='lat' dir='ltr'>Peiresc.</span> 
     </span>
    </p>

    <p class='ocr_par' dir='ltr' id='par_1_5' title="bbox 178 1729 1830 2118">
     <span class='ocr_line' id='line_1_24' title="bbox 296 1729 1828 1779; baseline -0.002 -10"><span class='ocrx_word' id='word_1_214' title='bbox 296 1737 310 1768; x_wconf 94' lang='lat'>1</span> <span class='ocrx_word' id='word_1_215' title='bbox 338 1729 510 1779; x_wconf 80' lang='grc' dir='ltr'><em>οἷπόρων]</em></span> <span class='ocrx_word' id='word_1_216' title='bbox 535 1735 782 1779; x_wconf 78' lang='lat' dir='ltr'><em>imperitorum</em></span> <span class='ocrx_word' id='word_1_217' title='bbox 808 1734 876 1768; x_wconf 76' lang='lat' dir='ltr'><em>Lat</em></span> <span class='ocrx_word' id='word_1_218' title='bbox 945 1731 1070 1769; x_wconf 73' lang='grc' dir='ltr'><em>ἔπεισε</em></span> <span class='ocrx_word' id='word_1_219' title='bbox 1087 1734 1124 1768; x_wconf 87' lang='grc' dir='ltr'><strong>Μ</strong></span> <span class='ocrx_word' id='word_1_220' title='bbox 1218 1737 1236 1767; x_wconf 82' lang='grc'>2</span> <span class='ocrx_word' id='word_1_221' title='bbox 1263 1735 1394 1775; x_wconf 70' lang='grc' dir='ltr'><em>δείξειν</em></span> <span class='ocrx_word' id='word_1_222' title='bbox 1418 1743 1460 1768; x_wconf 76' lang='lat' dir='ltr'><em>ex</em></span> <span class='ocrx_word' id='word_1_223' title='bbox 1485 1735 1595 1775; x_wconf 73' lang='grc' dir='ltr'><em>δείξιν</em></span> <span class='ocrx_word' id='word_1_224' title='bbox 1620 1743 1710 1767; x_wconf 88' lang='lat' dir='ltr'>corr.</span> <span class='ocrx_word' id='word_1_225' title='bbox 1736 1742 1828 1766; x_wconf 83' lang='lat' dir='ltr'><strong>man.</strong></span> 
     </span>
     <span class='ocr_line' id='line_1_25' title="bbox 180 1785 1830 1834; baseline 0 -11"><span class='ocrx_word' id='word_1_226' title='bbox 180 1799 304 1824; x_wconf 85' lang='lat' dir='ltr'>recens</span> <span class='ocrx_word' id='word_1_227' title='bbox 322 1790 351 1823; x_wconf 89' lang='lat' dir='ltr'>L</span> <span class='ocrx_word' id='word_1_228' title='bbox 421 1790 501 1833; x_wconf 76' lang='grc' dir='ltr'><em>μὲν]</em></span> <span class='ocrx_word' id='word_1_229' title='bbox 526 1790 649 1834; x_wconf 84' lang='lat' dir='ltr'>incipit</span> <span class='ocrx_word' id='word_1_230' title='bbox 673 1790 795 1824; x_wconf 85' lang='lat' dir='ltr'>folium</span> <span class='ocrx_word' id='word_1_231' title='bbox 821 1790 980 1824; x_wconf 85' lang='lat' dir='ltr'>ultimum</span> <span class='ocrx_word' id='word_1_232' title='bbox 1005 1799 1111 1823; x_wconf 84' lang='lat' dir='ltr'>manu</span> <span class='ocrx_word' id='word_1_233' title='bbox 1128 1789 1262 1824; x_wconf 85' lang='lat' dir='ltr'>recenti</span> <span class='ocrx_word' id='word_1_234' title='bbox 1279 1789 1479 1833; x_wconf 80' lang='lat' dir='ltr'>suppletum</span> <span class='ocrx_word' id='word_1_235' title='bbox 1499 1789 1527 1822; x_wconf 91' lang='lat' dir='ltr'>L</span> <span class='ocrx_word' id='word_1_236' title='bbox 1596 1789 1664 1832; x_wconf 79' lang='grc' dir='ltr'><em>μὲν</em></span> <span class='ocrx_word' id='word_1_237' title='bbox 1682 1785 1830 1829; x_wconf 73' lang='grc' dir='ltr'><em>ἄλλους]</em></span> 
     </span>
     <span class='ocr_line' id='line_1_26' title="bbox 179 1843 1717 1891; baseline -0.001 -10"><span class='ocrx_word' id='word_1_238' title='bbox 179 1843 369 1891; x_wconf 78' lang='grc' dir='ltr'><em>μεγάλουσ</em></span> <span class='ocrx_word' id='word_1_239' title='bbox 393 1845 420 1879; x_wconf 87' lang='grc' dir='ltr'>Ρ</span> <span class='ocrx_word' id='word_1_240' title='bbox 536 1848 554 1879; x_wconf 85' lang='grc'><strong>3</strong></span> <span class='ocrx_word' id='word_1_241' title='bbox 580 1844 923 1890; x_wconf 77' lang='grc' dir='ltr'><em>διαπραττόμενοςΙΙ</em></span> <span class='ocrx_word' id='word_1_242' title='bbox 945 1845 1023 1879; x_wconf 80' lang='lat' dir='ltr'>finit</span> <span class='ocrx_word' id='word_1_243' title='bbox 1048 1845 1123 1879; x_wconf 87' lang='lat' dir='ltr'>cod.</span> <span class='ocrx_word' id='word_1_244' title='bbox 1150 1844 1198 1886; x_wconf 87' lang='lat' dir='ltr'><em>R,</em></span> <span class='ocrx_word' id='word_1_245' title='bbox 1227 1844 1356 1878; x_wconf 84' lang='lat' dir='ltr'>abhinc</span> <span class='ocrx_word' id='word_1_246' title='bbox 1382 1845 1530 1879; x_wconf 76' lang='lat' dir='ltr'>collatus</span> <span class='ocrx_word' id='word_1_247' title='bbox 1555 1849 1608 1879; x_wconf 84' lang='lat' dir='ltr'><em>est</em></span> <span class='ocrx_word' id='word_1_248' title='bbox 1632 1844 1717 1887; x_wconf 85' lang='lat' dir='ltr'>Lips</span> 
     </span>
     <span class='ocr_line' id='line_1_27' title="bbox 180 1897 1740 1947; baseline -0.003 -10"><span class='ocrx_word' id='word_1_249' title='bbox 180 1903 414 1947; x_wconf 79' lang='grc' dir='ltr'><em>φαινακίζων</em></span> <span class='ocrx_word' id='word_1_250' title='bbox 438 1907 491 1942; x_wconf 79' lang='lat'><em>(—</em></span> <span class='ocrx_word' id='word_1_251' title='bbox 519 1903 585 1945; x_wconf 81' lang='grc' dir='ltr'><em>ζον</em></span> <span class='ocrx_word' id='word_1_252' title='bbox 609 1903 653 1942; x_wconf 90' lang='grc' dir='ltr'><em>Α)</em></span> <span class='ocrx_word' id='word_1_253' title='bbox 678 1902 739 1935; x_wconf 92' lang='lat' dir='ltr'><em>PA</em></span> <span class='ocrx_word' id='word_1_254' title='bbox 874 1905 894 1935; x_wconf 81' lang='lat'>4</span> <span class='ocrx_word' id='word_1_255' title='bbox 919 1902 1071 1946; x_wconf 79' lang='grc' dir='ltr'><em>κυρίνησ</em></span> <span class='ocrx_word' id='word_1_256' title='bbox 1096 1899 1123 1932; x_wconf 89' lang='grc' dir='ltr'>Ρ</span> <span class='ocrx_word' id='word_1_257' title='bbox 1249 1897 1316 1945; x_wconf 78' lang='grc' dir='ltr'><em>τὴν</em></span> <span class='ocrx_word' id='word_1_258' title='bbox 1339 1911 1406 1934; x_wconf 89' lang='lat' dir='ltr'><em>om.</em></span> <span class='ocrx_word' id='word_1_259' title='bbox 1433 1900 1463 1933; x_wconf 92' lang='lat' dir='ltr'><strong>V</strong></span> <span class='ocrx_word' id='word_1_260' title='bbox 1489 1904 1523 1934; x_wconf 82' lang='lat' dir='ltr'><em>et</em></span> <span class='ocrx_word' id='word_1_261' title='bbox 1547 1911 1591 1933; x_wconf 89' lang='lat' dir='ltr'><em>m.</em></span> <span class='ocrx_word' id='word_1_262' title='bbox 1621 1905 1630 1935; x_wconf 87' lang='lat'>1</span> <span class='ocrx_word' id='word_1_263' title='bbox 1653 1900 1740 1944; x_wconf 85' lang='lat' dir='ltr'>Lips</span> 
     </span>
     <span class='ocr_line' id='line_1_28' title="bbox 180 1954 1829 2003; baseline -0.001 -12"><span class='ocrx_word' id='word_1_264' title='bbox 180 1961 398 2003; x_wconf 74' lang='lat' dir='ltr'><em>apparatmn</em></span> <span class='ocrx_word' id='word_1_265' title='bbox 423 1957 499 1991; x_wconf 77' lang='lat' dir='ltr'><em>eius</em></span> <span class='ocrx_word' id='word_1_266' title='bbox 523 1962 557 1991; x_wconf 76' lang='lat' dir='ltr'><em>et</em></span> <span class='ocrx_word' id='word_1_267' title='bbox 579 1958 842 2002; x_wconf 68' lang='lat' dir='ltr'><em>profectionem</em></span> <span class='ocrx_word' id='word_1_268' title='bbox 868 1959 912 1992; x_wconf 83' lang='lat' dir='ltr'><em>tr.</em></span> <span class='ocrx_word' id='word_1_269' title='bbox 939 1957 1009 1990; x_wconf 82' lang='lat' dir='ltr'><em>Lat</em></span> <span class='ocrx_word' id='word_1_270' title='bbox 1079 1961 1097 1990; x_wconf 88' lang='lat'>5</span> <span class='ocrx_word' id='word_1_271' title='bbox 1124 1954 1275 2002; x_wconf 79' lang='grc' dir='ltr'><em>Λιβύης]</em></span> <span class='ocrx_word' id='word_1_272' title='bbox 1301 1959 1369 2001; x_wconf 80' lang='grc' dir='ltr'><em>τῆσ</em></span> <span class='ocrx_word' id='word_1_273' title='bbox 1393 1955 1523 2002; x_wconf 73' lang='grc' dir='ltr'><em>λιβύησ</em></span> <span class='ocrx_word' id='word_1_274' title='bbox 1541 1956 1617 1990; x_wconf 81' lang='lat' dir='ltr'><em>Exc</em></span> <span class='ocrx_word' id='word_1_275' title='bbox 1710 1956 1829 1991; x_wconf 74' lang='lat' dir='ltr'><em>catulo</em></span> 
     </span>
     <span class='ocr_line' id='line_1_29' title="bbox 179 2009 1762 2058; baseline -0.001 -11"><span class='ocrx_word' id='word_1_276' title='bbox 179 2014 235 2048; x_wconf 90' lang='lat' dir='ltr'><em>hic</em></span> <span class='ocrx_word' id='word_1_277' title='bbox 249 2016 285 2048; x_wconf 84' lang='lat' dir='ltr'><em>et</em></span> <span class='ocrx_word' id='word_1_278' title='bbox 302 2013 396 2047; x_wconf 77' lang='lat' dir='ltr'>infra</span> <span class='ocrx_word' id='word_1_279' title='bbox 414 2013 516 2048; x_wconf 87' lang='lat' dir='ltr'>codd.</span> <span class='ocrx_word' id='word_1_280' title='bbox 531 2013 611 2048; x_wconf 81' lang='lat' dir='ltr'><strong>Vat.</strong></span> <span class='ocrx_word' id='word_1_281' title='bbox 631 2017 666 2047; x_wconf 82' lang='lat' dir='ltr'><em>et</em></span> <span class='ocrx_word' id='word_1_282' title='bbox 683 2014 796 2048; x_wconf 83' lang='lat' dir='ltr'>Berol.</span> <span class='ocrx_word' id='word_1_283' title='bbox 816 2013 885 2046; x_wconf 76' lang='lat' dir='ltr'><em>Lat</em></span> <span class='ocrx_word' id='word_1_284' title='bbox 954 2016 973 2047; x_wconf 88' lang='grc'>6</span> <span class='ocrx_word' id='word_1_285' title='bbox 991 2012 1348 2058; x_wconf 75' lang='grc' dir='ltr'><em>προσαγγέλλουσιν]</em></span> <span class='ocrx_word' id='word_1_286' title='bbox 1367 2009 1719 2057; x_wconf 82' lang='grc' dir='ltr'><em>προσαγορεύουσιν</em></span> <span class='ocrx_word' id='word_1_287' title='bbox 1736 2012 1762 2046; x_wconf 87' lang='lat' dir='ltr'>C</span> 
     </span>
     <span class='ocr_line' id='line_1_30' title="bbox 178 2066 1762 2118; baseline -0.003 -14"><span class='ocrx_word' id='word_1_288' title='bbox 178 2070 215 2105; x_wconf 75' lang='grc' dir='ltr'><em>δὲ</em></span> <span class='ocrx_word' id='word_1_289' title='bbox 240 2069 271 2104; x_wconf 91' lang='lat' dir='ltr'><strong>V</strong></span> <span class='ocrx_word' id='word_1_290' title='bbox 296 2073 331 2103; x_wconf 79' lang='lat' dir='ltr'><em>ct</em></span> <span class='ocrx_word' id='word_1_291' title='bbox 354 2080 399 2104; x_wconf 90' lang='lat' dir='ltr'><em>m.</em></span> <span class='ocrx_word' id='word_1_292' title='bbox 429 2072 442 2102; x_wconf 90' lang='lat'>1</span> <span class='ocrx_word' id='word_1_293' title='bbox 463 2069 550 2113; x_wconf 86' lang='lat' dir='ltr'>Lips</span> <span class='ocrx_word' id='word_1_294' title='bbox 620 2068 768 2118; x_wconf 73' lang='grc' dir='ltr'><em>ῥαδίως]</em></span> <span class='ocrx_word' id='word_1_295' title='bbox 795 2066 940 2105; x_wconf 82' lang='grc' dir='ltr'><em>τούτων</em></span> <span class='ocrx_word' id='word_1_296' title='bbox 964 2069 1042 2103; x_wconf 87' lang='lat' dir='ltr'><em>Exc</em></span> <span class='ocrx_word' id='word_1_297' title='bbox 1119 2072 1135 2101; x_wconf 81' lang='lat' dir='ltr'><em>‘l</em></span> <span class='ocrx_word' id='word_1_298' title='bbox 1161 2066 1377 2113; x_wconf 75' lang='grc' dir='ltr'><em>ἐκράτησεν]</em></span> <span class='ocrx_word' id='word_1_299' title='bbox 1404 2067 1670 2112; x_wconf 72' lang='lat' dir='ltr'><em>comprehcndit</em></span> <span class='ocrx_word' id='word_1_300' title='bbox 1694 2067 1762 2101; x_wconf 78' lang='lat' dir='ltr'><em>Lat</em></span> 
     </span>
    </p>
   </div>
   <div class='ocr_carea' id='block_1_5' title="bbox 179 2118 1830 2283">
    <p class='ocr_par' dir='ltr' id='par_1_6' title="bbox 179 2118 1830 2283">
     <span class='ocr_line' id='line_1_31' title="bbox 179 2118 1827 2169; baseline -0.002 -8"><span class='ocrx_word' id='word_1_301' title='bbox 179 2121 357 2161; x_wconf 64' lang='grc' dir='ltr'><em>ἀνόπλων</em></span> <span class='ocrx_word' id='word_1_302' title='bbox 382 2145 421 2148; x_wconf 88' lang='grc'>-</span> <span class='ocrx_word' id='word_1_303' title='bbox 449 2128 466 2159; x_wconf 80' lang='lat' dir='ltr'>S</span> <span class='ocrx_word' id='word_1_304' title='bbox 495 2123 690 2161; x_wconf 79' lang='grc' dir='ltr'><em>Κάτυλλον</em></span> <span class='ocrx_word' id='word_1_305' title='bbox 720 2136 786 2161; x_wconf 88' lang='lat' dir='ltr'><em>om.</em></span> <span class='ocrx_word' id='word_1_306' title='bbox 812 2126 890 2159; x_wconf 81' lang='lat' dir='ltr'><em>Exc</em></span> <span class='ocrx_word' id='word_1_307' title='bbox 1003 2121 1177 2160; x_wconf 81' lang='grc' dir='ltr'><em>α’πώλετο</em></span> <span class='ocrx_word' id='word_1_308' title='bbox 1203 2123 1244 2160; x_wconf 81' lang='grc' dir='ltr'><em>ἐν</em></span> <span class='ocrx_word' id='word_1_309' title='bbox 1266 2126 1396 2169; x_wconf 77' lang='grc' dir='ltr'><em>χερσὶν</em></span> <span class='ocrx_word' id='word_1_310' title='bbox 1419 2127 1463 2158; x_wconf 84' lang='lat' dir='ltr'><em>tr.</em></span> <span class='ocrx_word' id='word_1_311' title='bbox 1491 2123 1517 2157; x_wconf 83' lang='lat' dir='ltr'>C</span> <span class='ocrx_word' id='word_1_312' title='bbox 1632 2126 1650 2157; x_wconf 83' lang='grc'>8</span> <span class='ocrx_word' id='word_1_313' title='bbox 1678 2121 1698 2159; x_wconf 83' lang='grc' dir='ltr'>ὁ</span> <span class='ocrx_word' id='word_1_314' title='bbox 1724 2118 1761 2158; x_wconf 73' lang='grc' dir='ltr'><em>δ’</em></span> <span class='ocrx_word' id='word_1_315' title='bbox 1787 2143 1827 2147; x_wconf 84' lang='lat'><em>—</em></span> 
     </span>
     <span class='ocr_line' id='line_1_32' title="bbox 182 2176 1760 2228; baseline -0.002 -13"><span class='ocrx_word' id='word_1_316' title='bbox 182 2186 219 2216; x_wconf 82' lang='lat'><em>10</em></span> <span class='ocrx_word' id='word_1_317' title='bbox 245 2176 320 2228; x_wconf 67' lang='grc' dir='ltr'><em>ἥλω</em></span> <span class='ocrx_word' id='word_1_318' title='bbox 347 2181 508 2216; x_wconf 79' lang='lat' dir='ltr'>breuiant</span> <span class='ocrx_word' id='word_1_319' title='bbox 533 2181 610 2215; x_wconf 80' lang='lat' dir='ltr'><em>Exc</em></span> <span class='ocrx_word' id='word_1_320' title='bbox 702 2182 740 2218; x_wconf 80' lang='grc' dir='ltr'><em>δὲ</em></span> <span class='ocrx_word' id='word_1_321' title='bbox 764 2182 795 2216; x_wconf 96' lang='lat' dir='ltr'><strong>V</strong></span> <span class='ocrx_word' id='word_1_322' title='bbox 819 2185 854 2216; x_wconf 73' lang='lat' dir='ltr'><em>et</em></span> <span class='ocrx_word' id='word_1_323' title='bbox 878 2192 923 2216; x_wconf 90' lang='lat' dir='ltr'><em>m.</em></span> <span class='ocrx_word' id='word_1_324' title='bbox 953 2185 966 2216; x_wconf 86' lang='grc'>1</span> <span class='ocrx_word' id='word_1_325' title='bbox 987 2180 1072 2224; x_wconf 88' lang='lat' dir='ltr'>Lips</span> <span class='ocrx_word' id='word_1_326' title='bbox 1180 2183 1200 2214; x_wconf 84' lang='lat'><strong>9</strong></span> <span class='ocrx_word' id='word_1_327' title='bbox 1224 2179 1495 2227; x_wconf 78' lang='grc' dir='ltr'><em>βουλεύματος]</em></span> <span class='ocrx_word' id='word_1_328' title='bbox 1520 2178 1709 2226; x_wconf 78' lang='grc' dir='ltr'><em>βασιλέωσ</em></span> <span class='ocrx_word' id='word_1_329' title='bbox 1735 2178 1760 2212; x_wconf 91' lang='lat' dir='ltr'>C</span> 
     </span>
     <span class='ocr_line' id='line_1_33' title="bbox 179 2232 1830 2283; baseline -0.001 -10"><span class='ocrx_word' id='word_1_330' title='bbox 179 2237 299 2273; x_wconf 62' lang='grc' dir='ltr'><em>ἰωνιὲἔ)</em></span> <span class='ocrx_word' id='word_1_331' title='bbox 325 2238 352 2270; x_wconf 83' lang='lat' dir='ltr'>L</span> <span class='ocrx_word' id='word_1_332' title='bbox 378 2238 544 2283; x_wconf 76' lang='grc' dir='ltr'><em>ἰ’ωνάθην</em></span> <span class='ocrx_word' id='word_1_333' title='bbox 570 2237 647 2271; x_wconf 79' lang='lat' dir='ltr'><em>Exc</em></span> <span class='ocrx_word' id='word_1_334' title='bbox 738 2235 927 2281; x_wconf 79' lang='grc' dir='ltr'><em>ἐπιμελῶσ</em></span> <span class='ocrx_word' id='word_1_335' title='bbox 953 2236 978 2271; x_wconf 91' lang='lat' dir='ltr'>C</span> <span class='ocrx_word' id='word_1_336' title='bbox 1073 2240 1111 2270; x_wconf 88' lang='grc'><em>10</em></span> <span class='ocrx_word' id='word_1_337' title='bbox 1138 2232 1209 2272; x_wconf 79' lang='grc' dir='ltr'><em>α’νὰ</em></span> <span class='ocrx_word' id='word_1_338' title='bbox 1236 2240 1374 2278; x_wconf 80' lang='grc' dir='ltr'><em>πᾶσαν]</em></span> <span class='ocrx_word' id='word_1_339' title='bbox 1401 2232 1603 2273; x_wconf 76' lang='grc' dir='ltr'><em>οἷνάπασαν</em></span> <span class='ocrx_word' id='word_1_340' title='bbox 1627 2235 1690 2269; x_wconf 87' lang='grc' dir='ltr'><em>ΡΑ</em></span> <span class='ocrx_word' id='word_1_341' title='bbox 1763 2235 1830 2281; x_wconf 81' lang='grc' dir='ltr'><em>τὴν</em></span> 
     </span>
    </p>
   </div>
   <div class='ocr_carea' id='block_1_6' title="bbox 177 2288 1829 2897">
    <p class='ocr_par' dir='ltr' id='par_1_7' title="bbox 177 2288 1828 2449">
     <span class='ocr_line' id='line_1_34' title="bbox 177 2288 1828 2338; baseline 0 -11"><span class='ocrx_word' id='word_1_342' title='bbox 177 2294 198 2327; x_wconf 86' lang='lat' dir='ltr'><em>i.</em></span> <span class='ocrx_word' id='word_1_343' title='bbox 225 2304 331 2336; x_wconf 79' lang='lat' dir='ltr'><strong>marg.</strong></span> <span class='ocrx_word' id='word_1_344' title='bbox 365 2293 479 2337; x_wconf 84' lang='lat' dir='ltr'>suppl.</span> <span class='ocrx_word' id='word_1_345' title='bbox 507 2296 536 2326; x_wconf 80' lang='lat' dir='ltr'>A</span> <span class='ocrx_word' id='word_1_346' title='bbox 652 2288 918 2338; x_wconf 75' lang='grc' dir='ltr'><em>α’ναζητήσεωσ</em></span> <span class='ocrx_word' id='word_1_347' title='bbox 944 2292 969 2326; x_wconf 88' lang='lat' dir='ltr'>P</span> <span class='ocrx_word' id='word_1_348' title='bbox 1089 2296 1123 2326; x_wconf 84' lang='grc'><em>11</em></span> <span class='ocrx_word' id='word_1_349' title='bbox 1153 2288 1334 2338; x_wconf 73' lang='grc' dir='ltr'><em>ἡγεμόνα]</em></span> <span class='ocrx_word' id='word_1_350' title='bbox 1367 2291 1631 2335; x_wconf 79' lang='lat' dir='ltr'>PAMLVLips</span> <span class='ocrx_word' id='word_1_351' title='bbox 1661 2288 1828 2338; x_wconf 73' lang='grc' dir='ltr'><em>ἡγεμόνα</em></span> 
     </span>
     <span class='ocr_line' id='line_1_35' title="bbox 177 2343 1762 2394; baseline -0.003 -8"><span class='ocrx_word' id='word_1_352' title='bbox 177 2348 361 2386; x_wconf 77' lang='grc' dir='ltr'><em>κάτυλλον</em></span> <span class='ocrx_word' id='word_1_353' title='bbox 379 2350 404 2382; x_wconf 90' lang='lat' dir='ltr'>C</span> <span class='ocrx_word' id='word_1_354' title='bbox 429 2346 614 2384; x_wconf 78' lang='grc' dir='ltr'><em>κάτυλλον</em></span> <span class='ocrx_word' id='word_1_355' title='bbox 637 2348 660 2383; x_wconf 90' lang='lat' dir='ltr'><em>i.</em></span> <span class='ocrx_word' id='word_1_356' title='bbox 679 2358 788 2391; x_wconf 79' lang='lat' dir='ltr'><strong>marg.</strong></span> <span class='ocrx_word' id='word_1_357' title='bbox 807 2359 851 2383; x_wconf 90' lang='lat' dir='ltr'><em>m.</em></span> <span class='ocrx_word' id='word_1_358' title='bbox 871 2351 890 2382; x_wconf 83' lang='lat'>2</span> <span class='ocrx_word' id='word_1_359' title='bbox 907 2348 993 2392; x_wconf 86' lang='lat' dir='ltr'>Lips</span> <span class='ocrx_word' id='word_1_360' title='bbox 1011 2349 1167 2383; x_wconf 73' lang='lat' dir='ltr'><em>catulum</em></span> <span class='ocrx_word' id='word_1_361' title='bbox 1184 2349 1254 2383; x_wconf 81' lang='lat' dir='ltr'><em>Lat</em></span> <span class='ocrx_word' id='word_1_362' title='bbox 1323 2344 1513 2394; x_wconf 70' lang='grc' dir='ltr'><em>ἀναχθεὶς]</em></span> <span class='ocrx_word' id='word_1_363' title='bbox 1531 2343 1665 2393; x_wconf 59' lang='lat' dir='ltr'><em>‹iz-9520</em></span> <span class='ocrx_word' id='word_1_364' title='bbox 1683 2348 1762 2382; x_wconf 84' lang='lat' dir='ltr'><em>Exc</em></span> 
     </span>
     <span class='ocr_line' id='line_1_36' title="bbox 180 2403 1739 2449; baseline -0.003 -7"><span class='ocrx_word' id='word_1_365' title='bbox 180 2403 280 2442; x_wconf 75' lang='grc' dir='ltr'><em>αι’-τῶ</em></span> <span class='ocrx_word' id='word_1_366' title='bbox 304 2405 431 2441; x_wconf 86' lang='lat' dir='ltr'><strong>PALV</strong></span> <span class='ocrx_word' id='word_1_367' title='bbox 457 2403 577 2440; x_wconf 75' lang='grc' dir='ltr'><em>ὲαυτιῦ</em></span> <span class='ocrx_word' id='word_1_368' title='bbox 603 2404 715 2439; x_wconf 89' lang='lat' dir='ltr'>GZon</span> <span class='ocrx_word' id='word_1_369' title='bbox 739 2406 775 2438; x_wconf 81' lang='lat' dir='ltr'><em>et</em></span> <span class='ocrx_word' id='word_1_370' title='bbox 800 2414 843 2438; x_wconf 86' lang='lat' dir='ltr'><em>ex</em></span> <span class='ocrx_word' id='word_1_371' title='bbox 868 2415 958 2438; x_wconf 86' lang='lat' dir='ltr'>corr.</span> <span class='ocrx_word' id='word_1_372' title='bbox 984 2404 1071 2449; x_wconf 84' lang='lat' dir='ltr'>Lips</span> <span class='ocrx_word' id='word_1_373' title='bbox 1212 2408 1252 2439; x_wconf 86' lang='lat'><em>12</em></span> <span class='ocrx_word' id='word_1_374' title='bbox 1278 2405 1316 2441; x_wconf 73' lang='grc' dir='ltr'><em>δὲ</em></span> <span class='ocrx_word' id='word_1_375' title='bbox 1339 2405 1454 2439; x_wconf 92' lang='lat' dir='ltr'><strong>VZon</strong></span> <span class='ocrx_word' id='word_1_376' title='bbox 1478 2408 1513 2439; x_wconf 87' lang='lat' dir='ltr'><em>et</em></span> <span class='ocrx_word' id='word_1_377' title='bbox 1543 2414 1588 2438; x_wconf 92' lang='lat' dir='ltr'><em>m.</em></span> <span class='ocrx_word' id='word_1_378' title='bbox 1619 2403 1739 2448; x_wconf 84' lang='lat' dir='ltr'>lLips</span> 
     </span>
    </p>

    <p class='ocr_par' dir='ltr' id='par_1_8' title="bbox 177 2458 1829 2841">
     <span class='ocr_line' id='line_1_37' title="bbox 181 2458 1829 2507; baseline -0.002 -9"><span class='ocrx_word' id='word_1_379' title='bbox 181 2458 200 2497; x_wconf 81' lang='grc' dir='ltr'><em>ὃ</em></span> <span class='ocrx_word' id='word_1_380' title='bbox 231 2482 268 2486; x_wconf 85' lang='lat'>—</span> <span class='ocrx_word' id='word_1_381' title='bbox 295 2461 393 2503; x_wconf 69' lang='grc' dir='ltr'><em>τοὺς]</em></span> <span class='ocrx_word' id='word_1_382' title='bbox 419 2461 510 2496; x_wconf 49' lang='lat' dir='ltr'><em>‘coba</em></span> <span class='ocrx_word' id='word_1_383' title='bbox 534 2460 608 2507; x_wconf 76' lang='grc' dir='ltr'><em>γὰρ</em></span> <span class='ocrx_word' id='word_1_384' title='bbox 634 2461 711 2494; x_wconf 83' lang='lat' dir='ltr'><em>Exc</em></span> <span class='ocrx_word' id='word_1_385' title='bbox 806 2463 844 2494; x_wconf 89' lang='lat'><em>13</em></span> <span class='ocrx_word' id='word_1_386' title='bbox 871 2458 1171 2497; x_wconf 82' lang='grc' dir='ltr'><em>πλουσιοτάτουσ</em></span> <span class='ocrx_word' id='word_1_387' title='bbox 1195 2461 1222 2494; x_wconf 90' lang='grc' dir='ltr'>Ρ</span> <span class='ocrx_word' id='word_1_388' title='bbox 1248 2459 1534 2506; x_wconf 83' lang='grc' dir='ltr'><em>πλησιωτάτουσ</em></span> <span class='ocrx_word' id='word_1_389' title='bbox 1559 2459 1584 2493; x_wconf 89' lang='lat' dir='ltr'>C</span> <span class='ocrx_word' id='word_1_390' title='bbox 1703 2463 1740 2496; x_wconf 84' lang='lat'><em>15</em></span> <span class='ocrx_word' id='word_1_391' title='bbox 1765 2461 1829 2495; x_wconf 76' lang='grc' dir='ltr'><em>καὶ</em></span> 
     </span>
     <span class='ocr_line' id='line_1_38' title="bbox 179 2513 1716 2562; baseline -0.001 -10"><span class='ocrx_word' id='word_1_392' title='bbox 179 2515 222 2552; x_wconf 84' lang='grc' dir='ltr'><em>τὸ</em></span> <span class='ocrx_word' id='word_1_393' title='bbox 250 2514 475 2562; x_wconf 68' lang='grc' dir='ltr'><em>πράγμαὶτι,</em></span> <span class='ocrx_word' id='word_1_394' title='bbox 501 2513 523 2552; x_wconf 82' lang='grc' dir='ltr'><em>ά</em></span> <span class='ocrx_word' id='word_1_395' title='bbox 549 2526 591 2550; x_wconf 78' lang='lat' dir='ltr'><em>ex</em></span> <span class='ocrx_word' id='word_1_396' title='bbox 615 2518 640 2551; x_wconf 86' lang='grc' dir='ltr'><em>ἇ</em></span> <span class='ocrx_word' id='word_1_397' title='bbox 665 2525 753 2550; x_wconf 87' lang='lat' dir='ltr'>corr.</span> <span class='ocrx_word' id='word_1_398' title='bbox 780 2518 811 2550; x_wconf 95' lang='lat' dir='ltr'>A</span> <span class='ocrx_word' id='word_1_399' title='bbox 927 2514 1067 2551; x_wconf 68' lang='grc' dir='ltr'><em>πολλὺν</em></span> <span class='ocrx_word' id='word_1_400' title='bbox 1092 2516 1117 2549; x_wconf 86' lang='lat' dir='ltr'>C</span> <span class='ocrx_word' id='word_1_401' title='bbox 1254 2519 1293 2551; x_wconf 88' lang='grc'><em>16</em></span> <span class='ocrx_word' id='word_1_402' title='bbox 1316 2515 1390 2558; x_wconf 75' lang='grc' dir='ltr'><em>ἵνα]</em></span> <span class='ocrx_word' id='word_1_403' title='bbox 1413 2514 1476 2552; x_wconf 75' lang='grc' dir='ltr'><em>ἵνα</em></span> <span class='ocrx_word' id='word_1_404' title='bbox 1501 2519 1541 2562; x_wconf 83' lang='grc' dir='ltr'><em>δη</em></span> <span class='ocrx_word' id='word_1_405' title='bbox 1566 2515 1716 2560; x_wconf 84' lang='lat' dir='ltr'><em>VCLips</em></span> 
     </span>
     <span class='ocr_line' id='line_1_39' title="bbox 180 2567 1826 2618; baseline -0.002 -10"><span class='ocrx_word' id='word_1_406' title='bbox 180 2570 285 2618; x_wconf 77' lang='grc' dir='ltr'><em>ὁόξηε</em></span> <span class='ocrx_word' id='word_1_407' title='bbox 309 2567 453 2608; x_wconf 76' lang='grc' dir='ltr'><em>καύτὸσ</em></span> <span class='ocrx_word' id='word_1_408' title='bbox 469 2571 496 2605; x_wconf 89' lang='grc' dir='ltr'>Ρ</span> <span class='ocrx_word' id='word_1_409' title='bbox 515 2569 601 2617; x_wconf 81' lang='grc' dir='ltr'><em>δόξη</em></span> <span class='ocrx_word' id='word_1_410' title='bbox 617 2569 858 2615; x_wconf 77' lang='grc' dir='ltr'><em>ἕκκαύματοσ</em></span> <span class='ocrx_word' id='word_1_411' title='bbox 875 2572 906 2606; x_wconf 96' lang='lat' dir='ltr'><strong>V</strong></span> <span class='ocrx_word' id='word_1_412' title='bbox 923 2576 958 2606; x_wconf 83' lang='lat' dir='ltr'><em>et</em></span> <span class='ocrx_word' id='word_1_413' title='bbox 982 2583 1025 2606; x_wconf 92' lang='lat' dir='ltr'><em>m.</em></span> <span class='ocrx_word' id='word_1_414' title='bbox 1046 2576 1059 2606; x_wconf 93' lang='lat'>1</span> <span class='ocrx_word' id='word_1_415' title='bbox 1081 2572 1168 2616; x_wconf 80' lang='lat' dir='ltr'><em>Lips</em></span> <span class='ocrx_word' id='word_1_416' title='bbox 1193 2570 1311 2615; x_wconf 75' lang='grc' dir='ltr'><em>δόξειε</em></span> <span class='ocrx_word' id='word_1_417' title='bbox 1334 2575 1397 2608; x_wconf 77' lang='grc' dir='ltr'><em>καὶ</em></span> <span class='ocrx_word' id='word_1_418' title='bbox 1422 2568 1541 2608; x_wconf 80' lang='grc' dir='ltr'><em>αὖτὸσ</em></span> <span class='ocrx_word' id='word_1_419' title='bbox 1558 2572 1584 2606; x_wconf 83' lang='grc' dir='ltr'>Ο</span> <span class='ocrx_word' id='word_1_420' title='bbox 1610 2574 1645 2606; x_wconf 82' lang='lat' dir='ltr'><em>et</em></span> <span class='ocrx_word' id='word_1_421' title='bbox 1668 2580 1711 2605; x_wconf 86' lang='lat' dir='ltr'><em>ex</em></span> <span class='ocrx_word' id='word_1_422' title='bbox 1735 2581 1826 2605; x_wconf 86' lang='lat' dir='ltr'>corr.</span> 
     </span>
     <span class='ocr_line' id='line_1_40' title="bbox 177 2625 1826 2673; baseline 0.001 -12"><span class='ocrx_word' id='word_1_423' title='bbox 177 2628 264 2672; x_wconf 86' lang='lat' dir='ltr'>Lips</span> <span class='ocrx_word' id='word_1_424' title='bbox 290 2625 387 2670; x_wconf 79' lang='grc' dir='ltr'><em>δόξει</em></span> <span class='ocrx_word' id='word_1_425' title='bbox 412 2625 576 2663; x_wconf 66' lang='grc' dir='ltr'><em>ἕκαστοσ</em></span> <span class='ocrx_word' id='word_1_426' title='bbox 601 2627 679 2661; x_wconf 84' lang='lat' dir='ltr'><em>Exc</em></span> <span class='ocrx_word' id='word_1_427' title='bbox 776 2627 1063 2673; x_wconf 76' lang='grc' dir='ltr'><em>κατορθωκέναι</em></span> <span class='ocrx_word' id='word_1_428' title='bbox 1089 2627 1246 2663; x_wconf 87' lang='lat' dir='ltr'><strong>PA¹V¹C</strong></span> <span class='ocrx_word' id='word_1_429' title='bbox 1271 2634 1306 2663; x_wconf 77' lang='lat' dir='ltr'><em>et</em></span> <span class='ocrx_word' id='word_1_430' title='bbox 1330 2640 1375 2664; x_wconf 90' lang='lat' dir='ltr'><em>m.</em></span> <span class='ocrx_word' id='word_1_431' title='bbox 1406 2632 1417 2662; x_wconf 91' lang='lat'>1</span> <span class='ocrx_word' id='word_1_432' title='bbox 1438 2629 1523 2672; x_wconf 87' lang='lat' dir='ltr'>Lips</span> <span class='ocrx_word' id='word_1_433' title='bbox 1642 2631 1678 2661; x_wconf 81' lang='grc' dir='ltr'><strong>Π</strong></span> <span class='ocrx_word' id='word_1_434' title='bbox 1705 2627 1750 2663; x_wconf 87' lang='grc' dir='ltr'><em>τὸ</em></span> <span class='ocrx_word' id='word_1_435' title='bbox 1777 2627 1826 2668; x_wconf 76' lang='grc' dir='ltr'><em>δὲ]</em></span> 
     </span>
     <span class='ocr_line' id='line_1_41' title="bbox 178 2680 1738 2730; baseline -0.002 -10"><span class='ocrx_word' id='word_1_436' title='bbox 178 2682 266 2720; x_wconf 84' lang='grc' dir='ltr'><em>τότε</em></span> <span class='ocrx_word' id='word_1_437' title='bbox 283 2684 312 2717; x_wconf 89' lang='lat' dir='ltr'>L</span> <span class='ocrx_word' id='word_1_438' title='bbox 405 2680 448 2718; x_wconf 83' lang='grc' dir='ltr'><em>τὸ</em></span> <span class='ocrx_word' id='word_1_439' title='bbox 475 2684 512 2719; x_wconf 79' lang='grc' dir='ltr'><em>δὲ</em></span> <span class='ocrx_word' id='word_1_440' title='bbox 538 2703 576 2707; x_wconf 76' lang='lat'><em>—-</em></span> <span class='ocrx_word' id='word_1_441' title='bbox 603 2680 689 2728; x_wconf 85' lang='grc' dir='ltr'><em>γὰρ]</em></span> <span class='ocrx_word' id='word_1_442' title='bbox 713 2685 776 2718; x_wconf 80' lang='grc' dir='ltr'><em>καὶ</em></span> <span class='ocrx_word' id='word_1_443' title='bbox 800 2683 902 2727; x_wconf 77' lang='grc' dir='ltr'><em>προσ</em></span> <span class='ocrx_word' id='word_1_444' title='bbox 926 2684 1003 2718; x_wconf 84' lang='lat' dir='ltr'><em>Exc</em></span> <span class='ocrx_word' id='word_1_445' title='bbox 1093 2687 1207 2720; x_wconf 83' lang='grc' dir='ltr'><em>τοῦτο</em></span> <span class='ocrx_word' id='word_1_446' title='bbox 1228 2684 1253 2719; x_wconf 88' lang='lat' dir='ltr'>C</span> <span class='ocrx_word' id='word_1_447' title='bbox 1343 2683 1617 2730; x_wconf 80' lang='grc' dir='ltr'><em>χαλεπώτατον</em></span> <span class='ocrx_word' id='word_1_448' title='bbox 1636 2683 1738 2717; x_wconf 87' lang='grc' dir='ltr'><em>ΡΑΜ</em></span> 
     </span>
     <span class='ocr_line' id='line_1_42' title="bbox 179 2737 1828 2786; baseline -0.002 -11"><span class='ocrx_word' id='word_1_449' title='bbox 179 2737 276 2786; x_wconf 82' lang='grc' dir='ltr'><em>πρὸς</em></span> <span class='ocrx_word' id='word_1_450' title='bbox 301 2759 342 2763; x_wconf 83' lang='grc'><strong>-</strong></span> <span class='ocrx_word' id='word_1_451' title='bbox 371 2741 408 2778; x_wconf 76' lang='grc'><em>18</em></span> <span class='ocrx_word' id='word_1_452' title='bbox 435 2741 521 2779; x_wconf 80' lang='grc' dir='ltr'><em>τῶν]</em></span> <span class='ocrx_word' id='word_1_453' title='bbox 546 2738 568 2772; x_wconf 90' lang='lat' dir='ltr'><em>i.</em></span> <span class='ocrx_word' id='word_1_454' title='bbox 595 2747 705 2781; x_wconf 86' lang='lat' dir='ltr'><strong>marg.</strong></span> <span class='ocrx_word' id='word_1_455' title='bbox 731 2739 847 2782; x_wconf 87' lang='lat' dir='ltr'>suppl.</span> <span class='ocrx_word' id='word_1_456' title='bbox 875 2749 919 2773; x_wconf 89' lang='lat' dir='ltr'><em>m.</em></span> <span class='ocrx_word' id='word_1_457' title='bbox 947 2742 965 2772; x_wconf 79' lang='lat'>2</span> <span class='ocrx_word' id='word_1_458' title='bbox 991 2740 1121 2783; x_wconf 82' lang='lat' dir='ltr'>partim</span> <span class='ocrx_word' id='word_1_459' title='bbox 1154 2740 1313 2775; x_wconf 84' lang='lat' dir='ltr'>abscissa</span> <span class='ocrx_word' id='word_1_460' title='bbox 1344 2737 1411 2782; x_wconf 72' lang='grc' dir='ltr'><em>(ἔτι</em></span> <span class='ocrx_word' id='word_1_461' title='bbox 1442 2749 1464 2773; x_wconf 83' lang='lat' dir='ltr'>a</span> <span class='ocrx_word' id='word_1_462' title='bbox 1497 2739 1668 2783; x_wconf 78' lang='lat' dir='ltr'>suppletis</span> <span class='ocrx_word' id='word_1_463' title='bbox 1693 2738 1828 2773; x_wconf 82' lang='lat' dir='ltr'>afuisse</span> 
     </span>
     <span class='ocr_line' id='line_1_43' title="bbox 178 2790 1737 2841; baseline -0.002 -11"><span class='ocrx_word' id='word_1_464' title='bbox 178 2796 263 2837; x_wconf 88' lang='lat' dir='ltr'>uid.)</span> <span class='ocrx_word' id='word_1_465' title='bbox 289 2794 319 2829; x_wconf 93' lang='lat' dir='ltr'><strong>V</strong></span> <span class='ocrx_word' id='word_1_466' title='bbox 435 2796 499 2841; x_wconf 75' lang='grc' dir='ltr'><em>τῷ]</em></span> <span class='ocrx_word' id='word_1_467' title='bbox 525 2790 570 2829; x_wconf 84' lang='grc' dir='ltr'><em>τὸ</em></span> <span class='ocrx_word' id='word_1_468' title='bbox 595 2793 834 2837; x_wconf 85' lang='lat' dir='ltr'>LCLipsExc</span> <span class='ocrx_word' id='word_1_469' title='bbox 952 2797 990 2828; x_wconf 83' lang='lat'><em>18</em></span> <span class='ocrx_word' id='word_1_470' title='bbox 1016 2798 1093 2830; x_wconf 79' lang='grc' dir='ltr'><em>τῶν</em></span> <span class='ocrx_word' id='word_1_471' title='bbox 1117 2816 1156 2820; x_wconf 91' lang='grc'><strong>-</strong></span> <span class='ocrx_word' id='word_1_472' title='bbox 1181 2807 1214 2840; x_wconf 92' lang='lat' dir='ltr'><em>p.</em></span> <span class='ocrx_word' id='word_1_473' title='bbox 1243 2798 1341 2838; x_wconf 83' lang='lat'>627‚3</span> <span class='ocrx_word' id='word_1_474' title='bbox 1366 2793 1505 2840; x_wconf 77' lang='grc' dir='ltr'><em>ἄνδρας</em></span> <span class='ocrx_word' id='word_1_475' title='bbox 1528 2794 1686 2829; x_wconf 84' lang='lat' dir='ltr'>abscissa</span> <span class='ocrx_word' id='word_1_476' title='bbox 1711 2793 1737 2827; x_wconf 88' lang='lat' dir='ltr'>C</span> 
     </span>
    </p>

    <p class='ocr_par' dir='ltr' id='par_1_9' title="bbox 184 2846 1758 2897">
     <span class='ocr_line' id='line_1_44' title="bbox 184 2846 1758 2897; baseline -0.005 -12"><span class='ocrx_word' id='word_1_477' title='bbox 184 2854 221 2886; x_wconf 83' lang='lat'><em>19</em></span> <span class='ocrx_word' id='word_1_478' title='bbox 240 2848 320 2888; x_wconf 80' lang='grc' dir='ltr'><em>τινὰ</em></span> <span class='ocrx_word' id='word_1_479' title='bbox 339 2854 415 2886; x_wconf 81' lang='grc' dir='ltr'><em>τῶν</em></span> <span class='ocrx_word' id='word_1_480' title='bbox 430 2847 616 2886; x_wconf 84' lang='grc' dir='ltr'><em>Ἰουδαίων</em></span> <span class='ocrx_word' id='word_1_481' title='bbox 632 2850 771 2883; x_wconf 84' lang='lat' dir='ltr'>iteratP</span> <span class='ocrx_word' id='word_1_482' title='bbox 833 2846 1082 2895; x_wconf 79' lang='grc' dir='ltr'><em>Ἀλέξανδρον]</em></span> <span class='ocrx_word' id='word_1_483' title='bbox 1097 2848 1256 2897; x_wconf 72' lang='grc' dir='ltr'><em>ἅλεδρον</em></span> <span class='ocrx_word' id='word_1_484' title='bbox 1270 2852 1346 2886; x_wconf 83' lang='lat' dir='ltr'><em>Exc</em></span> <span class='ocrx_word' id='word_1_485' title='bbox 1410 2853 1450 2885; x_wconf 81' lang='lat'><em>20</em></span> <span class='ocrx_word' id='word_1_486' title='bbox 1468 2849 1530 2893; x_wconf 64' lang='grc' dir='ltr'><em>ἐξ*</em></span> <span class='ocrx_word' id='word_1_487' title='bbox 1543 2864 1558 2880; x_wconf 49' lang='grc' dir='ltr'><em>ης</em></span> <span class='ocrx_word' id='word_1_488' title='bbox 1571 2864 1585 2880; x_wconf 81' lang='lat' dir='ltr'><em>=k</em></span> <span class='ocrx_word' id='word_1_489' title='bbox 1598 2850 1604 2895; x_wconf 81' lang='lat'>[</span> <span class='ocrx_word' id='word_1_490' title='bbox 1618 2847 1718 2895; x_wconf 64' lang='grc' dir='ltr'><em>μάχει</em></span> <span class='ocrx_word' id='word_1_491' title='bbox 1733 2849 1758 2883; x_wconf 89' lang='grc' dir='ltr'>Ρ</span> 
     </span>
    </p>
   </div>
  </div>
 </body>
</html>
