2039 3282
848 163 1040 198 Praefatio.
1712 166 1777 199 XV

112 281 236 320 eunte
268 278 309 319 in
342 276 498 320 chartis
525 278 619 318 207.
667 278 828 319 initium
863 279 1007 331 periit3
1040 291 1149 320 nunc
1181 280 1327 332 incipit
1348 295 1387 335 p.
1412 282 1450 333 4,
1475 282 1496 319 7
1530 281 1674 319 κίνοιν
1706 280 1778 320 καὶ

110 343 159 386 τὸ
194 342 415 385 Κελτικὸν.
483 345 590 386 libro
631 344 815 387 secundo
857 345 1136 398 praemittitur
1175 346 1390 400 ‹flant-'im
1433 342 1631 402 ἰωσήηόυ
1676 347 1778 399 περὶ

113 419 320 470 ἁλώσεως
361 420 582 478 ἶουόαϊκῆς
625 421 822 475 ἱστορίας
862 421 987 476 λόγος
1024 412 1064 475 J.
1126 425 1201 465 sub
1243 425 1365 467 finem
1404 426 1560 467 multae
1601 425 1777 467 lacunae

111 494 218 543 sunt,
241 494 286 532 ut
307 502 360 532 ex
381 490 523 532 lacero
545 489 690 532 codice
714 503 807 531 eum
831 490 1088 543 descriptum
1112 503 1202 532 esse
1225 497 1441 545 appareat.
1480 493 1520 534 in
1543 492 1659 535 calce
1681 493 1776 534 suh-

113 558 314 611 scriptum
355 561 418 599 est
457 557 544 598 alia
582 571 729 599 manu:
767 558 942 597 Antonii
968 555 1193 610 Seripamli
1218 557 1303 609 filit
1333 572 1389 596 ew
1428 559 1520 598 [(ιηὶ
1548 558 1779 598 Pam-hasii

111 630 362 664 testamento.
421 624 590 666 Niesius
621 624 809 666 codicem
842 625 948 666 uidit
979 628 1019 666 et
1051 624 1259 678 quaedam
1298 626 1494 674 contulit;
1534 626 1686 668 librum
1718 626 1776 668 IV

111 696 242 734 totum
284 692 470 733 excussit
500 691 708 734 Iohannes
742 693 954 745 D1·0ysen;
994 692 1157 733 initium
1194 691 1360 733 addidit
1400 705 1530 745 usque
1571 693 1625 735 ad
1667 697 1690 742 ξ
1724 695 1775 734 84

110 759 318 802 Antonius
350 759 574 812 Soglianus
605 760 844 812 Neopolita.

232 829 295 867 15.
348 826 485 868 codex
531 826 816 869 bibliothecae
866 825 1120 868 Oxoniensis
1166 824 1427 867 Bodleianae
1472 826 1777 870 Barroccianus

117 907 204 935 nro.
232 896 304 934 151
332 892 577 936 chartaceus
600 894 794 936 foliorum
818 896 897 936 315
920 894 1078 935 saeculi
1100 892 1180 934 XV
1210 893 1252 934 in
1283 892 1364 935 fine
1396 894 1579 936 mutilus.
1631 895 1775 937 inscri-

116 960 227 1002 bitur
259 960 448 1015 φλαυίου
489 959 690 1015 ἷωσῇιτου
730 961 832 1013 περὶ
874 956 1079 1007 ἁλώσεως
1120 957 1321 1007 ἷουὸαίας
1359 960 1432 1000 καὶ
1470 961 1547 1016 τῆς
1585 960 1775 1015 μὲγάλῃς

116 1025 290 1076 πόλεως
321 1026 448 1082 λόγος
480 1023 781 1082 α’·ὄιαλέκτῳ
803 1028 874 1069 καὶ
908 1025 1071 1081 φράσει
1094 1024 1306 1082 ἑλληνίκῃ.
1367 1026 1524 1069 desinit
1565 1028 1606 1068 in
1645 1028 1777 1070 uerba

115 1089 232 1148 αὐτῷ
263 1095 335 1136 καὶ
368 1094 608 1149 διάβρωσιν
640 1093 683 1136 ἐκ
714 1093 953 1135 segardum
986 1092 1123 1142 οὕτως
1154 1108 1194 1148 p.
1218 1096 1341 1147 628,7
1362 1096 1402 1142 1).
1462 1093 1679 1137 adhibitus
1713 1099 1777 1137 est

116 1175 142 1204 a
173 1163 388 1205 Bernardo
421 1167 461 1204 et
490 1166 638 1215 postea
669 1162 722 1203 ab
754 1161 971 1213 Hudsono,
1004 1175 1030 1203 a
1061 1162 1213 1215 quibus
1239 1161 1496 1204 Bodleianus
1527 1161 1654 1211 (Bod.
1686 1162 1776 1204 siue

116 1228 260 1278 Bocll.)
295 1234 478 1273 uocatur.

235 1299 296 1338 16.
329 1296 465 1338 codex
486 1297 703 1339 Parisinus
724 1310 785 1350 gr.
816 1309 904 1338 nro.
932 1298 1037 1337 1423
1070 1297 1227 1339 saeculi
1260 1295 1346 1339 fere
1378 1296 1483 1338 XIII
1514 1297 1777 1338 membrana-

117 1377 215 1406 ceus
247 1363 444 1405 foliorum
481 1365 613 1412 1922).
691 1364 876 1406 continet
915 1363 1072 1406 bellum
1102 1364 1321 1406 Iudaicum
1363 1369 1404 1407 et
1434 1363 1605 1417 Iosephi
1646 1364 1775 1405 uitam

119 1430 233 1475 (uide
263 1430 395 1485 praef.
426 1431 507 1472 1101.
540 1431 602 1472 III
633 1445 672 1485 p.
696 1431 787 1481 XI).
865 1431 1143 1485 praemissum
1176 1436 1239 1473 est
1271 1433 1416 1474 folium
1457 1445 1584 1473 unum
1617 1431 1776 1473 saeculi

114 1496 202 1540 fere
232 1497 333 1550 XV,
374 1498 417 1539 in
458 1498 575 1540 cuius
615 1500 772 1552 pagina
810 1499 945 1541 altera
984 1498 1194 1551 quaedam
1238 1512 1292 1541 ex
1322 1500 1418 1541 Ant.
1451 1498 1542 1540 Iud.
1575 1498 1682 1540 libro
1714 1498 1777 1539 III

115 1565 271 1619 scripta
301 1568 408 1607 sunt.
467 1563 715 1619 (προειπών
748 1564 794 1606 δὲ
825 1563 978 1621 ἑορτὴν
1009 1566 1186 1620 μωυσῆς
1217 1566 1236 1607 Ι
1267 1580 1307 1621 p.
1334 1569 1424 1619 179,
1452 1568 1501 1607 12
1534 1588 1586 1594 —-·
1614 1563 1777 1617 χρύσεα

115 1630 263 1673 πάντα
311 1628 475 1688 ὑπῆρχε
519 1647 559 1687 p.
604 1635 702 1687 188,
735 1635 789 1684 6).
873 1634 976 1676 belli
1015 1633 1176 1676 Iudaici
1222 1634 1340 1676 libris
1385 1634 1561 1687 singulis
1605 1646 1776 1687 praece-

113 1700 218 1742 dunt
251 1705 520 1754 argumenta;
560 1701 602 1742 in
645 1702 835 1754 margine
866 1702 1040 1755 ascripti
1080 1706 1175 1743 sunt
1213 1702 1376 1744 numeri
1415 1701 1694 1755 capitulorum
1737 1705 1778 1742 et

113 1768 244 1809 multa
265 1767 565 1810 adnotamenta
587 1781 639 1811 ex
661 1773 779 1811 textu
801 1773 1015 1821 excerpta.
1066 1768 1147 1811 1100
1168 1774 1210 1811 et
1230 1770 1549 1823 insequentibus
1571 1769 1775 1811 Parisinis

116 1848 214 1877 usus
248 1839 311 1878 est
340 1835 690 1890 Hauerkampus;
721 1840 870 1890 postea
902 1837 1088 1890 inspexit
1117 1837 1300 1880 Niesius.

233 1905 296 1943 17.
320 1903 456 1946 codex
473 1904 690 1946 Parisinus
707 1918 767 1957 gr.
785 1917 872 1946 nro.
890 1905 996 1945 1426
1015 1904 1261 1947 chartaceus
1278 1905 1437 1947 saeculi
1453 1905 1542 1947 fere
1557 1904 1649 1946 XV.
1682 1904 1777 1946 titu-

114 1968 249 2011 lorum
272 1973 314 2012 et
334 1971 653 2025 subscriptionis
674 1971 792 2014 locus
814 1971 1063 2013 rubricatori
1085 1985 1243 2015 uacuus
1274 1972 1444 2015 relictus
1474 1985 1553 2014 nec
1584 1972 1777 2026 expletus

116 2040 190 2079 est.
250 2043 499 2090 argumenta
528 2051 610 2080 non
642 2043 797 2080 extant.

230 2104 292 2145 18.
316 2104 454 2147 codex
475 2105 690 2148 Parisinus
711 2120 772 2160 gr.
794 2120 882 2148 nro.
904 2108 1010 2148 1427
1034 2107 1382 2149 membranaceus
1404 2106 1562 2148 saeculi
1584 2106 1671 2147 1010
1692 2105 1777 2146 XII

113 2170 308 2213 foliorum
342 2173 435 2214 267.
495 2173 538 2214 in
569 2173 733 2216 duobus
764 2174 911 2227 primis
941 2174 1113 2216 aliunde
1144 2174 1419 2228 agglutinatis
1451 2176 1596 2215 extant
1626 2185 1775 2226 preces

114 2251 240 2280 manu
271 2239 429 2281 saeculi
469 2240 556 2282 fere
587 2240 650 2282 XI
688 2245 902 2284 exaratae.
962 2242 1147 2284 continet
1186 2241 1290 2283 belli
1320 2241 1484 2283 Iudaici
1524 2240 1654 2281 libros
1686 2240 1705 2280 I
1734 2239 1776 2280 II

113 2305 176 2346 III
195 2306 253 2347 IV
275 2306 311 2347 V
334 2306 434 2360 VII;
466 2321 563 2348 nam
593 2308 700 2350 liber
722 2309 779 2350 VI
809 2313 850 2350 et
880 2309 1081 2351 librorum
1104 2309 1139 2349 V
1171 2313 1212 2350 et
1232 2308 1312 2350 VII
1343 2311 1484 2361 partes
1515 2307 1681 2349 uicinae
1704 2319 1775 2348 ex-

116 2372 308 2415 ciderunt
337 2380 434 2427 post
463 2375 533 2417 101.
558 2377 653 2429 241,
687 2376 799 2429 quod
830 2375 986 2418 desinit
1016 2377 1058 2417 in
1090 2376 1220 2418 uerba
1251 2373 1327 2430 τὴν
1361 2377 1509 2429 τρίτην
1542 2373 1588 2414 δὲ
1622 2371 1774 2425 ἔλαχον

115 2452 155 2493 p.
174 2442 269 2493 504,
288 2441 326 2482 8.
366 2442 475 2484 infra
491 2443 532 2484 in
549 2444 740 2496 margine
755 2456 903 2485 manus
926 2444 1085 2486 saeculi
1101 2443 1189 2485 1010
1207 2442 1286 2484 XV
1302 2442 1523 2484 adnotauit
1545 2441 1774 2482 λείπουσιν

116 2506 246 2594 τέτρᾶς
276 2544 420 2593 πέντε,
452 2542 662 2596 siquidem
691 2548 804 2586 recte
825 2544 991 2586 litterae
1022 2557 1158 2598 paene
1188 2543 1395 2586 euanidae
1426 2542 1644 2596 dispectae
1666 2546 1774 2584 sunt.

1385 2603 1409 2644 α’
1461 2603 1483 2644 ὰ

117 2651 341 2706 insequens
371 2655 442 2696 fol.
466 2656 546 2695 242
568 2655 717 2708 incipit
736 2669 762 2698 a
781 2656 922 2699 uerbis
954 2654 1017 2705 εἷς
1045 2653 1125 2704 τὰς
1155 2655 1363 2711 ρωμαίων
1385 2620 1517 2708 ὀὲξνὰςς
1548 2651 1773 2706 ἐμπεσών·

234 2787 264 2828 1)
288 2786 369 2821 uide
392 2787 545 2831 catalogi
569 2787 729 2822 codicum
759 2788 1084 2833 manuscriptorum
1115 2788 1352 2824 bibliothecae
1377 2787 1590 2822 Bodleianae
1622 2788 1734 2831 partis
1758 2786 1774 2820 Ι

118 2839 188 2874 1101.
213 2840 230 2874 Ι
261 2843 328 2884 (ed.
357 2843 451 2877 Goxe
476 2842 604 2877 Oxonii
632 2846 729 2885 1853)
761 2855 795 2888 p.
817 2847 893 2879 264.
1033 2847 1065 2886 2)
1098 2844 1141 2879 de
1170 2845 1224 2879 his
1259 2847 1294 2878 et
1319 2843 1444 2879 ceteris
1476 2843 1575 2878 libris
1605 2842 1775 2877 Parisinis

121 2893 202 2929 uide
226 2897 425 2941 catalogum
451 2899 552 2933 codd.
578 2909 660 2934 mss.
686 2900 770 2936 bibl.
796 2900 882 2944 Reg.
908 2901 943 2935 II
965 2903 1029 2935 316
1041 2911 1093 2945 sq.
