1987 3246
85 481 159 519 131

85 816 163 856 132

84 1165 161 1204 133

83 1299 162 1338 134

84 1638 163 1677 135

195 153 247 189 30
601 151 667 186 DE
694 151 852 186 BELLO
883 151 980 187 ΠΗ).
1005 151 1023 185 1
1051 154 1224 188 130—135
1250 159 1305 195 m
1331 157 1429 197 3—5)

195 265 346 307 εἵπετο
384 272 477 312 τοῖς
514 264 746 316 πολεμίοις
784 265 856 306 καὶ
894 267 999 319 περὶ
1040 262 1116 306 τὸν
1153 265 1417 320 καλούμενον
1447 268 1708 320 Παπυριῦνα
1739 281 1846 319 συμ-

192 330 342 385 βαλών
364 326 514 378 αὐτοῖς
534 327 644 383 ὑπὲρ
667 329 980 383 ἑξακισχιλίους
1009 335 1178 383 κτείνει,
1209 329 1318 385 μεθ’
1354 329 1414 375 ὦν
1443 335 1515 376 καὶ
1546 332 1621 375 τὸν
1654 327 1847 389 ἀδελφὸν

193 397 270 440 τὸν
297 396 591 449 Ἀντιπάτρου
626 397 877 440 Φαλλίωνα.

310 481 348 518 4.
389 473 592 531 Ὑρκανὸς
638 475 684 518 δὲ
728 478 800 519 καὶ
833 472 1130 533 Ἀντίπατρος
1166 480 1252 521 τῶν
1286 474 1488 533 Ἀράβων
1528 475 1848 535 ἀφαιρεθέντες

193 547 433 600 μετέφερον
450 542 525 586 ἐπὶ
542 543 645 593 τοὺς
662 542 883 594 ἐναντίους
899 544 976 600 τὴν
994 545 1166 597 ἐλπίδα,
1187 547 1260 588 καὶ
1283 545 1434 603 ἐπειδὴ
1452 546 1690 601 Πομπήιος
1712 544 1851 588 ἐπιών
1878 555 1897 586 5

194 611 277 667 τὴν
302 615 464 667 Συρίαν
495 610 557 660 εἰς
586 610 827 665 Δαμασκὸν
857 608 968 668 ἧκεν,
1001 608 1075 654 ἐπ)
1113 608 1244 655 αὐτὸν
1273 612 1618 669 καταφεύγουσιν
1646 616 1719 657 καὶ
1751 613 1849 667 δίχα

196 679 372 733 δωρεῶν
399 677 470 728 αἶς
498 680 571 721 καὶ
603 678 716 732 πρὸς
745 677 821 721 τὸν
838 674 1023 734 Ἀρέταν
1055 679 1373 735 δικαιολογίαις
1399 680 1615 734 χρώμενοι
1647 697 1848 736 κατηντι-

194 745 354 800 βόλουν
385 747 574 801 μισῆσαι
604 745 682 799 μὲν
713 746 790 801 τὴν
816 742 1157 801 Ἀριστοβούλου
1188 751 1311 801 βίαν,
1352 747 1554 802 κατάγειν
1587 748 1632 790 δὲ
1665 747 1740 791 ἐπὶ
1769 747 1848 804 τὴν

193 814 424 867 βασιλείαν
463 811 540 855 τὸν
577 814 649 854 καὶ
688 813 841 869 τρόπῳ
880 816 952 857 καὶ
990 810 1098 856 καθ)
1140 812 1311 871 ἡλικίαν
1342 814 1633 871 προσήκοντα.
1684 811 1732 857 οὗ
1763 815 1847 872 μὴν

195 875 291 922 οὐδ’
314 875 654 934 Ἀριστόβουλος
674 877 845 933 ὑστέρει
867 880 1105 931 πεποιθώς
1135 884 1188 938 τῇ
1209 881 1404 937 Σκαύρου
1436 882 1680 939 δωροδοκίᾳ
1710 884 1855 937 παρῆν
1880 890 1916 923 10

192 964 240 990 τε
259 950 331 991 καὶ
355 943 485 997 αὐτὸς
508 945 564 997 ὡς
586 947 679 990 οἷόν
701 964 748 990 τε
767 948 1094 1002 βασιλικώτατα
1115 948 1389 1005 κεκοσμηκὼς
1412 948 1579 992 ἑαυτόν.
1629 944 1849 1004 ἀδοξήσας

194 1015 240 1058 δὲ
261 1014 376 1069 πρὸς
395 1014 475 1064 τὰς
495 1018 745 1069 θεραπείας
765 1017 837 1057 καὶ
859 1014 916 1072 μὴ
944 1019 1088 1071 φέρων
1120 1016 1339 1060 δουλεύειν
1369 1026 1467 1067 ταῖς
1493 1021 1661 1072 χρείαις
1690 1032 1849 1059 ταπει-

193 1082 370 1138 νότερον
400 1084 477 1124 τοῦ
509 1082 728 1139 σχήματος
760 1078 848 1124 άπὸ
883 1082 977 1133 διὸς
1010 1081 1132 1139 ἡλίου
1164 1084 1338 1134 πόλεως
1366 1083 1611 1139 χωρίζεται.

307 1166 345 1204 5.
386 1159 511 1216 Πρὸς
549 1156 673 1202 ταῦτ’
717 1157 1019 1219 ἀγανακτήσας
1049 1163 1289 1220 Πομπήιος
1330 1162 1475 1205 πολλὰ
1515 1164 1587 1205 καὶ
1625 1165 1713 1204 τῶν
1743 1163 1845 1216 περὶ

191 1226 394 1283 Ὑρκανὸν
436 1228 714 1270 ἱκετευόντων
753 1227 953 1286 ὥρμησεν
994 1225 1067 1271 ἐπ’
1098 1226 1460 1284 Ἀριστόβουλον,
1502 1226 1737 1284 ἀναλαβών
1771 1226 1849 1286 τήν

193 1312 241 1338 τε
261 1293 498 1351 Ῥωμαϊκὴν
531 1296 713 1349 δύναμιν
743 1299 815 1339 καὶ
847 1296 1039 1346 πολλοὺς
1071 1297 1115 1339 ἐκ
1144 1300 1221 1353 τῆς
1244 1302 1404 1352 Συρίας
1436 1297 1697 1351 συμμάχους.
1749 1295 1848 1339 ἐπεὶ

193 1363 240 1404 δὲ
284 1362 573 1417 παρελαύνων
604 1364 780 1405 Πέλλαν
811 1366 883 1406 καὶ
914 1364 1198 1407 Σκυθόπολιν
1228 1362 1327 1421 ἧκεν
1359 1365 1421 1415 εἷς
1451 1368 1641 1419 Κορέας,
1684 1359 1793 1407 ὅθεν
1822 1360 1847 1420 ἡ

186 1425 408 1472 Ἰουδαίων
433 1427 611 1483 ἄρχεται
629 1430 748 1485 χώρα
768 1431 879 1473 κατὰ
900 1431 977 1488 τὴν
1003 1433 1232 1488 μεσόγειον
1264 1428 1487 1485 ἆνιόντων,
1521 1429 1710 1481 ἀκούσας
1741 1446 1849 1485 συμ-

193 1501 459 1554 πεφευγέναι
501 1497 578 1540 τὸν
612 1494 956 1553 Ἀριστόβουλον
996 1500 1058 1549 εἷς
1087 1496 1439 1554 ζ1λεξάνδρειον,
1477 1501 1605 1541 τοῦτο
1647 1495 1685 1540 δ’
1731 1498 1848 1541 ἐστὶν

193 1565 406 1621 φρούριον
452 1568 539 1607 τῶν
578 1565 694 1608 πάνυ
736 1567 982 1622 φιλοτίμως
1023 1566 1320 1624 ἐξησκημένων
1358 1564 1470 1621 ὑπὲρ
1511 1564 1639 1628 ὅρους
1677 1563 1850 1622 ὑψηλοῦ

194 1636 404 1685 κείμενον,
436 1635 621 1686 πέμψας
641 1637 922 1687 καταβαίνειν
947 1630 1076 1676 αὐτὸν
1099 1633 1329 1676 ἐκέλευσεν.
1379 1636 1441 1689 τῷ
1468 1629 1511 1675 δ’
1546 1631 1596 1689 ἠν
1626 1634 1706 1688 μὲν
1736 1630 1847 1690 ὁρμὴ

1522 1695 1542 1710 Ἃ

191 1701 445 1754 καλουμένῳ
497 1700 872 1756 δεσποτικώτερον
923 1701 1260 1744 διακινδυνεύειν
1306 1702 1471 1755 μᾶλλον
1515 1719 1539 1757 η
1587 1698 1848 1753 ὑπακοῦσαι,

306 1858 326 1899 ξ
356 1861 413 1891 131
442 1874 484 1886 =
512 1859 593 1891 Aut.
619 1858 695 1892 Iud.
722 1858 805 1892 XIV
831 1861 885 1892 41.

307 2003 847 2047 PAMLVRCLatHegesippus
871 2005 888 2038 I
916 2008 955 2039 14
979 2015 1012 2048 p.
1041 2008 1095 2040 20.

309 2063 322 2093 1
345 2061 559 2105 papyriona
584 2059 653 2092 Lat
723 2062 742 2093 2
762 2056 1064 2106 ὀκτακισχιλίουσ
1083 2062 1108 2094 C
1169 2057 1260 2106 μεθ’
1287 2055 1352 2104 ὧν]
1378 2072 1444 2096 om.
1469 2062 1535 2097 LR
1558 2058 1649 2107 μεθ’
1676 2058 1722 2098 ὅν
1746 2061 1789 2095 C¹

194 2117 277 2159 post
309 2111 473 2162 ἀδελφὸν
497 2126 567 2149 ras.
596 2119 615 2150 3
640 2116 706 2150 litt.
731 2117 764 2149 A
880 2120 898 2150 3
923 2118 1104 2160 φιλλίωνα
1130 2117 1157 2150 P
1272 2122 1293 2152 4
1316 2119 1337 2152 i.
1362 2128 1472 2162 marg.
1499 2116 1541 2153 ιδ’
1566 2118 1626 2153 VC
1740 2122 1759 2153 5
1784 2114 1849 2154 κᾶ-

193 2168 298 2217 naar}
324 2171 351 2206 C
466 2175 485 2206 6
509 2168 571 2208 ἐπ’
599 2168 820 2217 αὐτὸν-Ι).
847 2176 900 2216 33,
926 2177 966 2209 20
992 2174 1033 2209 ἐν
1056 2171 1188 2217 μέσοις
1212 2177 1230 2207 2
1255 2173 1341 2209 folia
1366 2185 1387 2209 a
1409 2174 1554 2209 librario
1579 2184 1671 2209 saec.
1697 2174 1764 2210 XV
1788 2185 1848 2209 ex-

195 2231 298 2262 arata
321 2228 351 2261 L
487 2227 790 2274 καταφεύγουσιν
810 2250 850 2254 -
872 2234 889 2263 7
916 2225 1065 2275 Ἀρέταν
1095 2241 1162 2264 om.
1190 2229 1215 2263 C
1355 2234 1371 2264 ’ἶ
1398 2228 1530 2277 δώρων
1553 2230 1647 2265 VRC
1779 2229 1848 2273 αἷς]

195 2290 282 2319 ταῖσ
306 2284 373 2319 VR
485 2287 548 2320 καὶ
573 2295 640 2319 om.
658 2285 724 2320 VR
836 2282 905 2321 τὸν
929 2296 996 2320 om.
1022 2286 1222 2321 AMLVRC
1338 2290 1356 2321 8
1383 2283 1418 2322 δ’
1445 2287 1471 2321 C·
1581 2291 1600 2321 9
1626 2285 1770 2336 τρόπῳ]
1795 2291 1849 2323 τῶ

195 2337 331 2386 τρόπω
355 2340 449 2376 VRC
521 2339 740 2387 προήκοντα
759 2341 899 2385 Cocceji
971 2345 1009 2376 10
1037 2338 1119 2378 οὐδὲ
1136 2343 1200 2377 LR
1269 2341 1465 2379 πεπειθὼσ
1482 2344 1511 2378 L
1580 2347 1638 2390 τῇ]
1663 2347 1732 2389 τῆσ
1756 2344 1804 2378 V¹

195 2398 435 2442 δωροδοκίασ
464 2397 512 2431 V¹
653 2400 692 2432 11
727 2410 768 2433 τε
798 2400 873 2439 καὶ]
907 2398 945 2434 δὲ
975 2400 1038 2433 καὶ
1068 2398 1098 2432 L
1235 2402 1288 2439 τε]
1319 2412 1359 2434 τε
1389 2395 1440 2441 (τ’
1474 2398 1513 2441 C)
1545 2394 1589 2444 ἦν
1619 2399 1713 2435 VRC

199 2455 238 2486 12
264 2450 540 2499 ταπεινότεροσ
565 2453 658 2487 PAL
684 2454 855 2488 abiectius
878 2453 947 2487 Lat
971 2453 1247 2499 ταπεινοτέρως
1273 2454 1445 2489 Destinon
1577 2459 1616 2490 13
1642 2453 1720 2497 διὸς
1743 2451 1850 2500 ἡλίου

196 2506 355 2550 πόλεως]
374 2509 466 2543 PAL
487 2507 721 2545 ὁιοσπόλεωσ
738 2509 873 2544 MVRC
891 2510 1048 2554 diospoli
1064 2509 1210 2553 LatHeg
1227 2512 1348 2545 δειλον
1363 2513 1426 2544 aut
1442 2507 1566 2555 δήλιον
1587 2512 1671 2546 Ant.
1689 2510 1774 2545 XIV
1790 2513 1848 2549 47;

198 2565 292 2600 Δίου
321 2562 471 2606 πόλεως
507 2564 697 2608 SpanheIm
726 2569 823 2600 recte
853 2569 892 2599 ut
921 2566 1009 2608 uid.;
1045 2575 1127 2599 nam
1159 2565 1253 2608 quod
1282 2565 1316 2598 in
1348 2565 1440 2599 PAL
1475 2569 1527 2600 est
1558 2570 1672 2600 ortum
1703 2566 1774 2601 uid.
1805 2577 1848 2601 ex

196 2617 280 2655 διὸσ
305 2618 326 2665 ³)
351 2622 432 2656 δίου
455 2618 609 2657 πόλεωσ
703 2624 743 2655 14
767 2624 858 2658 ταῦτ
868 2618 889 2663 ']
915 2625 1031 2658 ταῦτα
1048 2622 1115 2656 VR
1138 2617 1245 2657 τοῦτ’
1270 2619 1373 2655 AML
1398 2619 1486 2655 haec
1509 2621 1580 2656 Lat
1675 2626 1713 2656 15
1737 2617 1848 2669 boxa-

197 2679 273 2711 νῶν
306 2676 335 2709 L
367 2674 435 2712 τὸν
466 2673 635 2722 ΐρκανὸν
657 2677 724 2712 VR
837 2676 897 2713 ἐπὶ
920 2678 954 2713 R
1067 2673 1282 2723 ἀναλαβὼν]
1315 2671 1497 2722 άνααβὼν
1523 2676 1565 2710 C²
1594 2675 1848 2724 ἐπαναλαβὼν

195 2731 330 2765 PAML
472 2736 511 2766 16
543 2730 706 2774 πολλοὺς
737 2743 804 2768 om.
838 2734 908 2768 Lat
1045 2736 1083 2767 17
1116 2732 1232 2768 πέλαν
1260 2732 1289 2765 L
1426 2728 1445 2777 ἦ
1478 2743 1505 2767 S.
1529 2735 1562 2767 A
1701 2736 1742 2768 18
1764 2729 1846 2770 'Iov-

196 2788 323 2828 δαίων]
355 2787 501 2823 ἰουδαία
533 2788 563 2822 L
700 2792 781 2833 post
813 2786 980 2831 οἰκούσας
1010 2800 1081 2824 ras.
1115 2791 1201 2822 2—3
1231 2788 1297 2822 litt.
1331 2788 1369 2822 M
1514 2791 1553 2823 19
1584 2785 1847 2836 ἀλεξάνδρειαν

191 2842 257 2875 LV
281 2837 522 2889 άλεξάνδριον
546 2844 579 2878 R
672 2845 709 2881 δὲ
730 2844 831 2879 AVR
924 2847 963 2880 21
989 2845 1158 2881 ἐκέλευεν
1180 2844 1241 2879 RC
1343 2848 1410 2894 τῷ]
1436 2842 1480 2881 τό
1506 2845 1535 2878 L
1628 2846 1666 2882 δὲ
1690 2845 1756 2880 VR

191 2897 262 2941 μὲν
285 2909 352 2933 om.
377 2899 439 2934 RC

1880 1237 1916 1269 15

1880 1574 1917 1608 20
