1987 3246
175 146 293 181 XXIV
908 143 1099 178 Praefatio.

180 260 317 302 decim
347 272 477 300 annos
517 258 607 299 dies
639 261 732 298 octo
773 258 1003 309 imperasse
1043 257 1214 311 dicitur;
1256 257 1331 299 sed
1368 257 1554 299 addendi
1592 260 1710 299 erant
1736 261 1836 299 octo

181 339 366 378 menses,
408 337 515 377 quae
556 324 644 365 sine
683 323 811 364 dubio
852 323 999 364 fraude
1039 324 1302 366 librariorum
1343 324 1609 377 exciderunt3
1655 336 1751 364 nam
1792 324 1833 364 in

181 392 329 435 ceteris
367 391 489 432 huius
527 390 643 432 modi
682 391 865 432 numeris
903 389 1109 443 Iosephus
1149 391 1250 432 satis
1289 396 1507 433 accuratus
1545 391 1679 438 fuit1).
1749 391 1836 432 alia

180 461 221 501 in
262 458 453 500 omnibus
492 457 609 499 libris
656 456 834 498 traditur
874 458 1112 510 corruptela
1151 457 1256 499 haec
1294 470 1332 510 p.
1366 460 1467 511 561,
1503 460 1550 498 12
1567 470 1651 510 sq.:
1697 455 1837 505 τόπος

181 521 220 566 τ)
259 523 332 566 ἐπὶ
365 525 441 579 τῆς
472 522 645 573 πόλεως
676 518 819 572 οὐδεὶς
848 521 1008 577 γυμνὸς
1039 513 1101 578 ἦν,
1135 518 1244 563 ἀλλὰ
1277 525 1366 572 πᾶς
1398 524 1524 576 λιμοῦ
1547 521 1695 577 νεκρὸν
1727 520 1836 575 εἶχεν

184 586 206 648 1³}
239 591 434 640 στάσεως
463 591 534 632 καὶ
566 589 830 647 πεπλήρωτο
863 591 1021 644 νεκρῶν
1052 582 1077 645 ἢ
1110 587 1182 630 διὰ
1215 588 1369 632 στάσιν
1401 583 1427 646 ἢ
1460 589 1533 632 διὰ
1563 589 1691 643 λιμὸν
1723 585 1838 632 ἀπο-

182 658 436 709 λωλότωνῖ).
487 659 558 700 ubi
581 658 730 700 eadem
752 658 960 700 sententia
980 662 1065 699 tam
1087 658 1262 699 moleste
1285 657 1471 710 iteratur,
1494 662 1538 699 ut
1559 658 1731 699 dubium
1754 671 1837 700 non

183 728 254 780 sit,
295 727 395 780 quin
433 730 546 768 reete
578 725 840 768 Cardwellus
882 725 1013 766 uerba
1050 724 1123 764 καὶ
1165 721 1431 777 πεπλήρωτο
1454 747 1507 752 -
1540 718 1838 765 ἀπολωλότων

185 797 376 848 eiecerit,
407 806 545 846 neque
576 793 685 835 enim
719 792 923 834 credibile
955 795 1018 833 est
1038 790 1264 844 Iosephum
1296 803 1340 832 se
1363 790 1499 843 ipsum
1522 791 1837 845 interpretatum

185 875 290 905 esse.
352 860 465 914 quod
497 874 590 902 cum
622 861 665 901 in
696 860 888 902 omnibus
919 859 1038 900 libris
1064 858 1362 911 interpolatum
1395 858 1459 909 sit,
1493 858 1575 903 iam
1607 858 1839 912 archetypo

185 929 431 971 adhaesisse
462 927 639 969 uidetur.
700 926 886 969 indidem
924 925 1157 968 deriuanda
1187 928 1281 967 sunt
1311 925 1396 966 alia
1426 925 1529 966 uitia
1545 926 1595 977 3),
1635 925 1841 978 imprimis

185 997 399 1039 nominum
431 994 691 1048 quorundam
715 994 990 1048 corruptelae.
1041 993 1157 1034 uelut
1177 1006 1217 1046 p.
1241 994 1307 1044 90,
1328 994 1350 1031 5
1383 992 1424 1032 in
1447 992 1638 1034 omnibus
1666 991 1843 1035 traditur

187 1062 425 1113 Βεντίδιος,
457 1062 531 1104 sed
563 1075 645 1104 non
676 1061 896 1103 Ventidius
928 1060 1002 1102 sed
1034 1058 1184 1101 Didius
1215 1059 1510 1101 memorandus
1542 1063 1642 1110 erat,
1673 1063 1720 1100 ut
1749 1071 1842 1101 cum

186 1131 260 1173 alii
291 1143 427 1172 rerum
457 1128 866 1183 scriptoresdocent
895 1131 982 1168 tum
1002 1126 1209 1180 Iosephus
1240 1127 1330 1179 ipse
1352 1126 1447 1167 Ant.
1479 1125 1570 1168 Iud.
1592 1125 1671 1167 XV
1696 1127 1772 1167 195
1789 1127 1842 1175 ⁴);

188 1198 407 1240 Ventidius
438 1197 566 1250 igitur
597 1209 650 1238 ex
683 1194 1046 1249 praecedentibus,
1077 1194 1149 1235 ubi
1176 1193 1344 1247 saepius
1375 1198 1642 1245 memoratur,
1673 1206 1698 1234 a
1718 1192 1843 1234 libra-

187 1267 260 1308 riis
282 1265 380 1306 huic
400 1265 493 1306 loco
516 1264 668 1305 inlatus
690 1266 765 1314 est,
798 1275 919 1315 quem
941 1262 1000 1303 ita
1020 1260 1281 1313 adamarunt,
1306 1264 1351 1301 ut
1373 1273 1467 1301 eum
1490 1260 1617 1301 etiam
1638 1272 1677 1312 p.
1702 1260 1795 1310 582,
1820 1260 1843 1297 2

190 1338 334 1375 extare
364 1331 586 1373 maluerint
616 1343 691 1384 pro
724 1329 875 1370 Petilio
891 1329 934 1377 5).
996 1327 1102 1370 haec
1132 1331 1227 1369 sunt
1261 1327 1525 1380 corruptelae
1555 1339 1637 1368 non
1667 1331 1753 1367 tam
1785 1326 1843 1367 in-

191 1400 331 1442 curiae
360 1398 624 1439 librariorum
664 1395 911 1437 tribuendae
951 1408 1075 1448 quam
1116 1395 1288 1436 arbitrio
1329 1393 1541 1436 hominum
1579 1393 1847 1434 mediocriter

191 1467 420 1517 doctorum,
451 1477 625 1518 quorum
649 1462 840 1504 manibus
862 1461 1067 1515 Iosephus
1089 1465 1288 1503 tractatus
1312 1465 1386 1503 est.
1427 1460 1620 1502 similiter
1640 1473 1680 1513 p.
1704 1461 1797 1512 246,
1822 1461 1844 1499 7

192 1538 308 1576 extat
337 1532 451 1586 apud
483 1544 626 1573 omnes
648 1526 898 1582 Ζαβουλών,
932 1528 1044 1582 quod
1075 1541 1223 1570 reuera
1255 1533 1316 1570 est
1336 1524 1582 1579 Χαβουλών
1597 1528 1639 1576 6).
1691 1525 1846 1567 deinde

193 1600 466 1643 memorabile
498 1604 561 1640 est
590 1597 760 1639 nomina
791 1595 999 1649 quaedam
1032 1608 1085 1637 ex
1115 1600 1260 1637 uetere
1299 1599 1550 1638 testamento
1581 1594 1715 1647 petita
1745 1593 1847 1634 talia

193 1669 298 1721 dari,
333 1666 528 1720 qualibus
550 1669 699 1718 postea
729 1664 793 1705 usi
824 1667 919 1705 sunt
949 1663 1174 1715 scriptores
1197 1661 1438 1715 Christiani,
1470 1662 1585 1703 uelut
1615 1675 1654 1714 p.
1677 1662 1771 1712 486,
1799 1661 1847 1700 19

194 1735 397 1777 habemus
424 1728 621 1785 iip‘qacipc
640 1733 687 1780 7),
719 1744 759 1784 p.
784 1731 877 1783 487,
901 1732 952 1770 ‘20
985 1732 1324 1783 Eerrczzrypez]u³)‚
1356 1743 1396 1782 p.
1421 1730 1515 1781 485,
1556 1732 1598 1767 10
1630 1725 1846 1776 Σεδεκίας,

193 1817 232 1856 p.
258 1804 351 1854 526,
378 1803 426 1840 10
444 1794 644 1850 Ἰεχονίας
659 1800 704 1851 ²³),
735 1797 811 1839 sed
833 1798 874 1838 in
896 1796 1215 1849 antiquitatibus
1245 1796 1332 1837 alia
1363 1800 1508 1838 extant
1538 1794 1663 1836 haec:
1686 1788 1849 1846 ’Ἀβρα-

194 1884 295 1922 μος,
335 1864 670 1920 Σενναχήριβος,
711 1866 919 1915 Σακχίας,
947 1858 1214 1914 Ἰωάκειμος,
1248 1877 1377 1916 quare
1407 1863 1591 1916 suspicio
1623 1862 1753 1904 oritur
1783 1861 1849 1903 his

195 1941 267 1979 aut
297 1935 504 1978 similibus
536 1946 657 1974 usum
697 1944 789 1973 esse
820 1930 1045 1983 Iosephurn
1088 1931 1212 1971 etiam
1259 1932 1300 1971 in
1344 1931 1456 1971 bello
1488 1929 1661 1971 Iudaico
1682 1931 1743 1982 ¹0),
1775 1929 1850 1970 illa

196 2017 296 2046 uero
322 2003 375 2044 ab
398 1999 768 2054 interpolatoribus
791 1999 829 2040 ei
851 2010 944 2039 esse
966 1998 1148 2050 obtrusa,
1180 1998 1429 2051 pracsertim
1451 2010 1544 2038 cum
1566 2009 1718 2038 nomen
1739 1996 1850 2048 regis

316 2106 346 2143 1)
371 2101 453 2135 uide
481 2098 629 2133 Hermes
654 2099 707 2139 28,
726 2099 790 2130 208
802 2106 852 2139 sq.
948 2098 980 2137 2)
1005 2095 1125 2129 eadem
1151 2096 1259 2129 uertit
1275 2095 1425 2129 Latinus
1450 2104 1563 2138 neque
1587 2095 1657 2128 alia
1682 2093 1851 2128 habuisse

196 2159 337 2193 uidetur
360 2158 533 2199 interpres
559 2154 678 2198 Syrus,
703 2161 806 2196 quem
829 2151 981 2194 priorem
1007 2152 1217 2185 sententiam
1242 2151 1404 2185 omittere
1429 2153 1464 2184 ct
1487 2150 1539 2184 ita
1563 2154 1702 2183 uertere
1727 2149 1851 2183 docuit

198 2214 236 2249 P.
262 2214 406 2254 Iensen‚
439 2215 618 2254 tamquam
642 2207 807 2242 habuerit
831 2205 924 2242 ἀλλὰ
951 2205 1196 2252 πεπλήρωντο
1234 2209 1328 2249 (nam
1360 2206 1531 2250 pluralem
1562 2206 1674 2248 ponit)
1707 2207 1851 2250 νεκρῶν

198 2267 220 2315 ἢ
253 2266 310 2306 διὰ
344 2265 475 2304 στάσιν
504 2264 526 2311 ἢ
557 2263 614 2302 διὰ
646 2260 756 2308 λιμὸν
787 2258 1058 2299 ἀπολωλότων.
1244 2266 1276 2303 3)
1309 2262 1407 2296 uelut
1438 2271 1508 2295 non
1540 2262 1637 2295 recte
1669 2260 1851 2294 intellexe-

198 2327 281 2360 runt
312 2323 449 2358 librarii
478 2322 627 2357 uerbum
656 2322 749 2365 χοῦν
781 2329 815 2362 p.
843 2320 924 2359 348,
959 2320 1015 2359 14,
1053 2318 1112 2353 ubi
1143 2318 1238 2362 quod
1274 2327 1351 2352 esse
1388 2317 1539 2351 debebat
1576 2313 1663 2361 ἔχου
1698 2315 1852 2349 traditur

198 2380 311 2426 ἐφου,
343 2382 379 2413 et
402 2390 436 2423 p.
463 2381 539 2419 562,
568 2381 607 2411 10
633 2373 721 2421 ἔχου
744 2375 877 2408 factum
903 2375 956 2407 est
990 2372 1091 2415 ἐξου,
1130 2374 1280 2417 denique
1312 2376 1388 2414 595,
1418 2376 1455 2406 19
1487 2374 1594 2417 χοῦσι
1618 2372 1654 2405 in
1679 2373 1852 2416 τυχοῦσιν

200 2436 298 2470 abiit.
459 2437 491 2476 4)
517 2442 727 2477 quamquam
752 2430 809 2464 hic
834 2438 974 2473 quoque
998 2429 1094 2463 Didii
1119 2440 1246 2463 nomen
1280 2432 1484 2472 corruptum
1509 2431 1571 2462 est.
1703 2429 1734 2467 5)
1760 2437 1851 2461 unus

200 2492 352 2526 Latinus
376 2490 426 2525 ibi
451 2500 575 2524 uerum
601 2487 767 2523 seruauit.
888 2488 921 2526 6)
943 2481 1145 2530 χοιβονλών
1169 2485 1320 2518 traditur
1351 2485 1386 2517 in
1411 2483 1592 2517 codicibus
1618 2482 1852 2517 deterioribus

200 2559 235 2591 p.
255 2550 329 2589 279,
348 2550 379 2588 4,
405 2546 466 2581 ubi
489 2545 651 2579 meliores
675 2542 795 2577 itidem
821 2539 1018 2586 ζαβουλών
1042 2540 1219 2575 exhibent.
1262 2543 1416 2574 ceterum
1439 2540 1541 2573 etiam
1560 2541 1654 2572 cont.
1672 2539 1739 2581 Ap.
1756 2538 1773 2571 I
1790 2541 1851 2572 110

203 2603 279 2637 cod.
306 2603 415 2636 Laur.
442 2604 478 2636 et
501 2601 570 2635 Lat
587 2595 795 2646 Ζαβουλών
819 2596 916 2637 dant,
941 2595 1039 2630 solus
1065 2596 1242 2631 Eusebius
1267 2606 1391 2630 uerum
1416 2594 1570 2629 retinuit.
1608 2594 1652 2628 cf.
1672 2595 1755 2628 Ant.
1775 2593 1852 2628 Iud.

202 2659 287 2694 VIII
315 2662 387 2693 142.
414 2658 477 2692 uit.
505 2660 580 2691 213.
687 2658 718 2697 7)
743 2649 954 2700 Ἀβράαμος
978 2650 1048 2692 LC,
1075 2652 1168 2695 quod
1192 2662 1235 2685 ex
1253 2647 1425 2698 Ἆβραάμ
1450 2650 1583 2684 factum
1607 2650 1757 2684 uidetur.

204 2717 236 2757 8)
263 2713 565 2759 Σενναχήρειμος
590 2712 627 2746 C.
721 2713 754 2751 9)
779 2709 884 2743 etiam
907 2718 942 2750 p.
962 2710 1040 2748 452,
1060 2710 1118 2750 18;
1145 2709 1222 2750 453,
1242 2710 1299 2747 14;
1326 2710 1401 2747 569,
1420 2710 1461 2740 20
1479 2709 1514 2739 et
1532 2708 1572 2739 22
1598 2705 1721 2748 optimi
1745 2708 1853 2738 testes

204 2770 372 2804 exhibent
389 2772 455 2805 δᾶδ
471 2769 505 2804 h.
524 2779 554 2803 e.
573 2767 683 2813 δαβίδ
698 2769 760 2800 aut
777 2763 888 2805 ὃαυίδ,
904 2773 975 2797 non
990 2764 1158 2808 Δαυίδης.
1254 2766 1306 2804 10)
1325 2772 1433 2806 quare
1447 2760 1673 2795 memorabile
1690 2763 1744 2794 est
1761 2759 1854 2803 quod

203 2837 239 2870 p.
255 2828 331 2866 486,
348 2828 386 2858 17
401 2824 552 2858 Latinus
566 2833 637 2857 non
651 2819 809 2866 Νεχαὼς
823 2819 942 2861 tradit,
956 2819 1047 2863 quod
1062 2829 1189 2853 nomen
1202 2819 1348 2863 uulgare
1360 2820 1424 2859 est,
1440 2817 1501 2851 sed
1515 2814 1679 2857 Nechias,
1693 2815 1855 2858 idemque

204 2892 238 2925 p.
259 2883 334 2922 569,
354 2883 394 2914 20
421 2882 456 2914 et
481 2882 522 2913 22
546 2888 666 2922 regem
691 2877 863 2911 Dauidem
890 2875 978 2909 miro
1003 2875 1105 2910 modo
1131 2874 1191 2909 dat
1215 2873 1384 2909 Leobz'um
1409 2872 1486 2906 aliis
1510 2871 1718 2906 inauditum.
