2018 3236
268 131 289 167 ιθ

296 131 318 167 [20

324 130 348 166 μμ

652 129 720 163 DE
744 127 904 163 BELLO
928 127 1024 162 IUD.
1049 127 1103 162 III
1127 130 1305 163 453-—462
1329 130 1378 170 (lx
1403 134 1432 160 s.
1457 133 1477 159 x
1507 131 1536 171 1)

156 246 236 285 453
382 245 419 284 S.
468 242 605 283 Τοῦτο
645 241 981 290 καταδείσαντες
1020 240 1062 283 οἱ
1099 241 1274 297 γηραιοὶ
1313 242 1389 282 τοῦ
1429 240 1565 298 δήμου
1603 242 1676 283 καὶ
1711 242 1918 296 προύχειν

156 314 235 351 454
269 310 495 357 δοκοῦντες
526 306 735 364 φεύγουσι
764 308 844 361 μὲν
876 307 938 356 εἷς
967 306 1014 350 τὸ
1048 309 1133 349 τῶν
1160 304 1381 362 Ῥωμαίων
1413 307 1725 364 στρατόπεδον,
1758 308 1919 364 ἐπαγό-

264 392 389 429 μενοι
411 374 457 416 δὲ
477 373 553 416 τὸν
573 376 760 428 βασιλέα
790 379 1154 430 προσπίπτουσιν
1186 375 1324 417 ἱκέται
1347 371 1682 430 Οὐεσπασιανῷ,
1713 374 1770 431 μὴ
1803 378 1920 431 σφᾶς

264 442 481 495 περιιδεῖν
528 441 748 495 δεόμενοι,
801 442 911 498 μηδε
956 459 1032 499 την
1077 437 1236 498 ὀλίγων
1283 437 1500 484 ἆπόνοιαν
1544 439 1800 500 ἡγησασθαι
1843 445 1919 499 τῆς

155 514 233 551 455
265 509 440 559 πόλεως
470 504 592 565 όλης·
626 512 878 590 φείσασθαι
909 509 955 551 δὲ
984 511 1062 551 τοῦ
1094 508 1230 565 δήμου
1255 506 1484 563 Ρωμαίοις
1515 511 1625 566 φίλα
1656 513 1922 592 φρονοῦντος
1942 520 1960 551 5

265 573 348 627 άεί,
379 594 451 618 και
473 575 574 626 τοὺς
596 576 766 626 αἰτίους
774 577 1133 658 τιμωρήσασθαι
1152 578 1228 632 τῆς
1255 574 1558 629 ἀποστάσεως,
1591 594 1650 633 υφ
1705 581 1763 619 ὠν
1796 574 1920 621 αὐτοὶ

154 647 234 686 456
267 646 578 700 φρουρηθῆναι
598 647 721 698 μέχρι
744 646 817 686 νῦν
839 643 915 687 επὶ
939 642 1123 694 δεξιάς’
1106 644 1384 699 επειγόμενοι
1414 644 1570 687 πάλαι.
1618 644 1800 694 ταύταις
1830 661 1920 687 ενε-

265 711 390 754 δίδου
411 720 509 760 ταῖς
533 711 718 761 ἱκεσίαις
739 709 760 754 ὁ
787 711 1027 768 στρατηγὸς
1048 716 1192 754 καίτοι
1215 711 1288 754 διὰ
1310 711 1387 769 τὴν
1420 709 1620 768 ἁρπαγὴν
1649 714 1735 754 τῶν
1764 712 1919 755 ἵππων

264 774 338 834 ἐφ’
383 774 486 835 ὅλην
526 774 790 836 ὠργισμένος
827 779 905 835 τὴν
946 779 1101 822 πόλιν·
1140 780 1212 821 καὶ
1250 778 1332 835 γὰρ
1369 775 1623 834 ἀγωνιῶντα
1653 781 1757 835 περὶ
1790 775 1920 835 αὗτῆς

152 851 230 889 457
261 845 337 889 τὸν
351 841 602 901 Ἀγρίππαν
625 846 753 901 ἑώρα.
805 846 1027 901 λαβόντων
1050 846 1096 888 δὲ
1125 846 1292 889 τούτων
1322 849 1385 902 τῶ
1417 846 1538 904 δήμῳ
1571 845 1715 897 δεξιὰς
1745 847 1787 889 οἷ
1818 848 1919 900 περὶ
1951 855 1987 888 10

260 912 338 956 τὸν
363 909 528 969 Ἰησοῦν
569 913 711 955 οὐκέτι
749 909 948 970 ἀσφαλὲς
987 911 1217 970 ἡγούμενοι
1255 917 1401 968 μένειν
1441 913 1515 957 ἐπὶ
1547 917 1623 970 τῆς
1658 914 1918 970 Τιβεριάδος

150 984 230 1023 458
263 980 324 1029 εἰς
370 983 582 1035 Ταριχέας
623 977 1038 1035 ἀποδιδράσκουσιν.
1105 983 1177 1024 καὶ
1217 977 1325 1035 μεθ’
1369 979 1533 1036 ἡμέραν
1581 977 1918 1031 Οὐεσπασιανὸς

261 1048 337 1092 σὶν
380 1049 592 1091 ἱππεῦσιν
632 1051 892 1103 προπέμπει
931 1047 1044 1103 πρὸς
1083 1048 1160 1106 τὴν
1197 1045 1437 1104 ἀκρώρειαν
1474 1047 1691 1104 Τραϊανὸν
1723 1044 1918 1090 ἀποπει-

151 1120 230 1158 459
263 1120 457 1172 ραθῆναι
496 1118 573 1158 τοῦ
613 1116 837 1170 πλήθους,
879 1115 916 1158 εἰ
956 1116 1121 1167 πάντες
1152 1116 1342 1173 εἰρηνικὰ
1376 1125 1593 1173 φρονοῖεν.
1645 1113 1703 1165 ῶς
1735 1111 1774 1157 δ’
1810 1115 1917 1171 ἔγνω

262 1183 338 1226 τὸν
381 1185 515 1240 δῆμον
553 1181 888 1240 ὁμοφρονοῦντα
918 1192 1011 1234 τοῖς
1044 1184 1224 1236 ἱκέταις,
1269 1180 1499 1238 ἀναλαβών
1530 1182 1607 1240 τὴν
1638 1182 1820 1237 δύναμιν
1850 1179 1919 1239 1ᾔει
1949 1191 1986 1223 15

261 1250 375 1306 πρὸς
412 1252 489 1307 τὴν
528 1251 673 1293 πόλιν.
734 1252 775 1294 οἱ
817 1252 863 1294 δὲ
901 1251 981 1301 τάς
1020 1268 1067 1293 τε
1105 1251 1246 1302 πύλας
1285 1247 1533 1306 ἀνοίγουσιν
1566 1246 1683 1305 αὐτῷ
1712 1251 1784 1292 καὶ
1814 1245 1911 1304 μετ)

151 1322 230 1362 460
263 1314 490 1376 εὐφημιῶν
535 1317 739 1376 ὑπήντων
785 1321 960 1376 σωτῆρα
998 1321 1068 1361 καὶ
1110 1315 1333 1376 εὐεργέτην
1371 1320 1698 1368 ἀνακαλοῦντες.
1755 1320 1832 1373 τῆς
1871 1317 1917 1360 δὲ

263 1388 473 1441 στρατιᾶς
503 1389 762 1443 τριβομένης
793 1388 896 1442 περὶ
927 1385 1005 1443 τὴν
1035 1388 1121 1428 τῶν
1153 1386 1338 1429 εἰσόδων
1370 1385 1606 1442 στενότητα
1636 1385 1918 1442 παραρρῆξαι

259 1455 337 1495 τοῦ
383 1453 493 1495 κατὰ
542 1457 815 1509 μεσημβρίαν
863 1458 1031 1507 τείχους
1076 1450 1413 1503 Οὐεσπασιανὸς
1458 1452 1663 1502 κελεύσας
1706 1452 1916 1495 πλατύνει

150 1525 226 1565 461
261 1521 337 1577 τὴν
360 1520 561 1578 εἰσβολὴν
585 1517 745 1571 αι’-τοῖς.
797 1518 996 1577 ἁρπαγῆς
1016 1524 1167 1575 μέντοι
1186 1523 1259 1563 καὶ
1281 1516 1446 1576 ὕβρεως
1469 1515 1718 1573 ἀπέχεσθαι
1749 1519 1917 1575 παρήγ-
1948 1528 1984 1561 20

260 1589 400 1643 γειλεν
421 1590 483 1642 τῷ
509 1589 685 1643 βασιλεῖ
710 1588 1005 1643 χαριζόμενος,
1037 1591 1124 1631 τῶν
1154 1604 1201 1630 τε
1230 1590 1384 1641 τειχῶν
1416 1587 1488 1630 διὰ
1520 1590 1675 1630 τοῦτον
1707 1587 1915 1644 ἐφείσατο

262 1664 493 1708 συμμενεῖν
533 1654 647 1710 πρὸς
685 1655 732 1697 τὸ
768 1655 924 1697 λοιπὸν
957 1655 1223 1710 ἐγγυωμένου
1254 1654 1355 1704 τοὺς
1386 1654 1428 1696 ἐν
1460 1650 1629 1706 αὐτοῖς,
1668 1656 1739 1697 καὶ
1770 1652 1915 1696 πολλὰ

264 1726 560 1779 κεκακωμένην
590 1721 668 1778 τὴν
701 1721 831 1764 πόλιν
864 1721 908 1764 ἐκ
937 1724 1013 1777 τῆς
1045 1722 1240 1772 στάσεως
1272 1721 1581 1776 ἀνελάμβανεν.

151 1794 231 1834 452
374 1803 427 1844 X.
464 1806 498 1844 1.
522 1796 705 1843 Ἔπειτα
727 1799 964 1853 προελθών
988 1795 1118 1855 αὐτῆς
1138 1816 1186 1842 τε
1206 1798 1366 1853 μεταξὺ
1390 1801 1461 1841 καὶ
1489 1801 1708 1853 Ταριχεῶν
1730 1814 1914 1854 στρατο-

371 2013 600 2049 PAMLVRC
612 2012 908 2056 LatHegesippus
933 2011 985 2046 111
1010 2013 1051 2045 22
1075 2022 1109 2055 p.
1137 2013 1213 2046 211.

375 2085 388 2115 1
418 2079 474 2117 διὰ
501 2081 571 2123 (uel
588 2079 699 2126 πρὸς)
721 2083 834 2116 τοῦτο
860 2079 1035 2113 Destinon
1103 2075 1387 2124 καταδήσαντεσ
1412 2078 1438 2112 C
1508 2080 1653 2123 γεραιοὶ
1678 2077 1774 2111 PAR
1848 2081 1911 2114 καὶ

257 2149 325 2173 om.
344 2138 383 2172 M
453 2141 472 2171 3
497 2134 776 2173 οὐεσπασιανοῦ
793 2137 854 2170 PA
929 2140 949 2170 4
972 2131 1063 2181 μήτε
1080 2134 1173 2168 PAL
1251 2136 1367 2180 τῆς-
1384 2138 1402 2168 5
1424 2134 1629 2178 φείσασθαι
1655 2145 1723 2169 om.
1747 2134 1844 2169 PAR

258 2198 277 2228 5
303 2194 341 2230 δὲ
359 2205 426 2229 om.
445 2195 476 2227 A
546 2195 636 2239 φίλα
655 2195 898 2239 φρονοῦντασ
914 2191 942 2224 P
959 2193 1290 2237 φιλοφρονοῦντοσ
1306 2189 1370 2223 AL
1441 2193 1459 2223 6
1485 2188 1604 2231 αὐτοὶ]
1630 2185 1752 2225 αὐτῶν
1775 2190 1910 2225 PAML

258 2247 397 2292 αὐτοὺ,
422 2259 514 2284 eras.
541 2262 562 2285 σ
578 2250 610 2284 V
686 2253 703 2283 7
730 2247 879 2284 ἐνεδίδει
895 2247 963 2282 VR
1048 2249 1067 2281 8
1092 2245 1237 2282 ἱππέων
1253 2245 1285 2279 V
1354 2248 1373 2279 9
1400 2241 1628 2291 ὀργισμένοσ
1645 2245 1671 2280 C
1754 2249 1794 2280 10
1818 2249 1908 2290 λαμ-

256 2305 460 2354 βανόντων
485 2306 511 2340 C
604 2308 658 2354 τῷ
682 2302 794 2352 δήμῳ]
818 2304 956 2338 VRLat
980 2306 1047 2339 τοῦ
1071 2300 1187 2348 δήμου
1211 2301 1373 2335 PAMLC
1470 2305 1504 2336 11
1533 2301 1652 2335 hiesus
1675 2302 1732 2335 hic
1757 2303 1792 2335 et
1814 2301 1909 2336 infra

257 2364 327 2397 Lat
396 2359 466 2399 οὐκ
489 2358 543 2398 ἔτ’
571 2361 600 2395 L
675 2363 714 2395 12
745 2359 937 2405 Ταριχέας]
955 2358 1108 2393 Dindorf
1130 2359 1332 2403 ταριχαίασ
1358 2357 1458 2391 codd.
1479 2357 1656 2391 taricheas
1672 2356 1742 2391 Lat
1764 2356 1842 2400 Heg

262 2423 300 2454 13
326 2416 484 2465 τραϊνὸν
508 2418 546 2452 Μ
643 2420 682 2451 14
707 2416 745 2452 δὲ
767 2415 862 2450 VRC
958 2418 996 2449 15
1024 2412 1328 2461 ὁμοφρονοῦντα]
1363 2409 1600 2456 ὁμονοοῦντα
1625 2412 1719 2447 VRC
1810 2411 1908 2448 οἰκέ-

257 2489 343 2511 ταισ
367 2476 399 2510 V
468 2472 535 2521 ᾔει]
561 2470 615 2518 εἴη
639 2472 671 2506 V
745 2474 783 2505 16
809 2485 850 2508 τε
875 2482 941 2506 om.
966 2471 1060 2505 PAL
1128 2467 1345 2515 άνοίγνυσιν
1367 2469 1399 2502 V
1481 2471 1521 2502 18
1547 2471 1757 2513 παραρῆξαι
1780 2469 1813 2502 Α
1838 2482 1907 2504 πα-

259 2536 431 2579 ραρρῖξαι
457 2531 483 2565 C
582 2533 618 2562 19
643 2528 858 2575 μεσημβρία
883 2529 915 2561 Α
940 2524 1005 2572 τὴν
1029 2527 1266 2572 μεσημβρίαν
1289 2524 1383 2560 VRC
1455 2520 1906 2570 οὗεσπασιανὸσ·1κελεύ-

258 2601 331 2623 σασ
356 2590 409 2627 (κε
434 2587 566 2631 suppl.)
588 2587 621 2620 A
715 2589 755 2619 20
781 2581 1014 2629 παρήγγελλε
1036 2582 1100 2618 LV
1124 2579 1380 2628 παρήγγελλεν
1404 2586 1437 2620 (ν
1461 2582 1688 2624 expunctum)
1712 2580 1738 2614 O
1762 2577 1905 2626 παρήγ-

256 2647 341 2688 γελε
366 2643 398 2676 R
513 2646 550 2676 21
579 2644 694 2678 τοῦτο
720 2641 780 2675 Rc
925 2642 965 2673 22
992 2641 1199 2683 συμμενεῖν]
1223 2637 1294 2671 Lat
1318 2637 1469 2670 Dindorf
1493 2635 1689 2680 συμμένειν
1712 2635 1813 2670 codd.

256 2698 484 2745 ἕγγυομένου
508 2699 571 2732 ΡΑ
685 2696 737 2737 ἐν]
763 2708 831 2732 συν
854 2695 920 2730 VR
1056 2693 1191 2736 πολλὰ]
1218 2692 1264 2729 τά
1291 2690 1384 2728 α’λλα
1411 2692 1503 2726 VRC
1514 2692 1583 2726 Lat
1606 2692 1701 2726 haud
1723 2692 1815 2726 male

257 2757 300 2789 23
326 2752 598 2801 ανελάμβανεν]
622 2751 908 2799 κατελάμβανεν
933 2751 977 2785 L¹
1003 2747 1283 2797 ἀναλαμβάνειν
1306 2748 1371 2782 VR
1446 2750 1487 2781 24
1513 2746 1636 2792 αὐτῆς]
1663 2743 1794 2782 αὖτοῖσ
1818 2747 1844 2781 Ο

257 2824 370 2856 αυτης
393 2823 434 2846 τε
457 2809 606 2854 μεταξὺ]
633 2823 673 2845 τε
700 2805 815 2854 αὐτῆσ
837 2808 975 2852 μεταξυ
1000 2807 1063 2842 AL
1086 2804 1222 2850 μεταξὺ
1255 2800 1370 2849 αυτῆσ
1395 2804 1421 2837 Ρ
1537 2804 1744 2850 ταριχαίων
1776 2803 1904 2838 PAVR.

256 2869 462 2914 ταριχαιιῦν
486 2865 584 2900 MLC
611 2865 789 2900 taricheas
812 2864 961 2907 LatHeg
985 2872 1123 2907 semper
1214 2857 1572 2905 στρατοπαιδεύεται
1596 2859 1635 2893 Μ
