2039 3282
848 151 1036 186 Praefatio.
1726 150 1777 184 IX

113 281 303 310 mensum
338 279 503 321 quoque
535 266 816 309 Romanorum
857 267 1027 309 nomina
1067 264 1218 307 eadem
1249 265 1411 307 ratione
1443 265 1660 318 apposita,
1695 278 1778 317 qua

111 340 208 378 sunt
229 336 268 376 in
288 335 515 376 Marciano.
566 332 630 375 his
652 348 799 375 manus
822 335 1020 382 secunda,
1051 339 1096 375 ut
1117 333 1275 376 dictum
1300 335 1374 382 est,
1408 330 1547 374 uarias
1571 331 1776 386 quasdam

112 404 315 445 lectiones
347 401 525 444 addidit.
586 402 628 442 in
660 415 823 443 summa,
853 402 1010 455 pagina
1051 414 1121 454 ea,
1163 413 1271 454 quae
1311 404 1405 454 post
1437 400 1776 453 supplementum

112 470 319 512 recentius
341 469 490 523 incipit
511 482 551 522 p.
576 470 642 522 33,
660 471 712 509 20
736 477 828 517 τοῖς
848 468 1033 522 βέλεσιν,
1061 481 1170 510 anno
1192 483 1231 522 p.
1256 466 1351 509 Chr.
1383 468 1554 517 1462&
1576 468 1779 509 adnotata

110 542 206 579 sunt
247 536 479 590 quaedam,
521 550 697 590 quorum
737 551 833 590 pars
875 536 1065 589 margine
1105 536 1244 577 acciso
1284 548 1392 575 nunc
1425 535 1616 587 cuanuit3
1670 546 1778 587 quae

111 630 269 669 restant
299 626 404 669 haec
435 632 530 669 sunt
561 659 569 667 .
595 656 602 665 .
627 658 635 667 .
659 642 732 666 τια
764 629 810 666 Ν
838 625 892 673 (h.
917 639 951 668 e.
975 625 1216 668 indictionis
1248 625 1431 677 signum)
1462 640 1548 664 των
1583 624 1725 677 ,335
1751 640 1778 665 α

1147 704 1167 733 9
1682 714 1689 728 ,

113 755 256 793 ετους·
301 740 438 798 ἡμέρα
475 742 698 796 σαρῇίῖάτου
730 741 997 796 πικροτάτου
1030 740 1105 783 ἐπὶ
1138 736 1172 781 ὦ
1201 740 1247 795 γ’
1283 740 1483 797 αβαῑῇθῃ
1504 742 1554 793 (R)
1588 738 1608 781 (5
1645 714 1680 782 ἅ1
1701 759 1779 794 μοι

114 809 352 867 at'yovorog
368 812 437 853 καὶ
460 809 668 864 βασιλεῖς
689 807 812 866 ’ἧμῶν
838 809 892 850 da
913 825 933 848 a
954 825 974 846 a<
1008 806 1029 851 ὁ
1053 811 1188 863 μέγας
1209 806 1421 864 κομνηνός
1443 810 1511 849 καὶ
1539 804 1635 850 offa}
1662 804 1779 850 αὐτῶ

112 881 184 921 καὶ
227 876 326 932 ἡμῖν
366 880 452 919 τῶν
491 875 734 932 ὖκιὸχειριῦν
767 872 899 918 αὐτοῦ
931 872 990 925 ὡς
1020 872 1336 931 ἠφανίσθιχμεν
1369 870 1465 915 ἀλλ’
1503 874 1628 925 ἐλπὶς
1660 877 1779 917 ελδε-

113 950 273 1001 {hoping
291 947 349 1000 (P)
375 945 450 987 σὺν
472 948 566 987 θεῶ
588 954 686 998 υχῐα
703 944 760 999 (P)
780 947 946 998 γίνεται
964 944 1036 996 (Ῥ).
1093 957 1201 998 quae
1224 943 1447 986 referenda
1470 956 1561 986 esse
1586 944 1781 986 uidentur

113 1016 169 1058 ad
186 1019 363 1057 mortem
386 1014 565 1057 Dauidis
583 1014 787 1056 Comneni
810 1011 1078 1066 imperatoris
1097 1012 1383 1065 Trapezuntii,
1407 1012 1478 1065 qni
1500 1025 1608 1053 anno
1625 1026 1662 1065 p.
1682 1011 1778 1053 Chr.

119 1085 226 1124 1463
258 1097 284 1124 a
305 1083 454 1124 Turcis
486 1082 648 1123 occisus
681 1085 755 1122 est.
811 1080 969 1133 primus
993 1080 1140 1122 codice
1172 1093 1270 1122 usus
1303 1083 1366 1121 est
1387 1079 1592 1132 Bigotius,
1626 1078 1781 1120 deinde

116 1150 392 1202 Cardwellus,
425 1149 606 1202 denique
637 1160 747 1190 anno
782 1148 888 1188 1878
921 1147 1092 1190 Niesius
1124 1148 1311 1190 contulit.

232 1222 268 1259 5.
302 1217 348 1258 V.
396 1215 531 1258 codex
573 1214 858 1256 bibliothecae
890 1214 1123 1258 Vaticanae
1155 1228 1331 1269 graecus
1371 1228 1458 1257 nro.
1504 1215 1581 1255 148
1623 1214 1782 1256 saeculi

116 1287 202 1329 fere
233 1284 297 1326 XI
333 1283 678 1325 membranaceus
719 1283 915 1324 foliorum
947 1283 1041 1322 214.
1112 1286 1222 1323 totus
1262 1287 1474 1336 superstes
1516 1286 1578 1324 est
1615 1285 1793 1335 praeter.

116 1352 434 1407 quaternionum
481 1364 629 1403 unum,
687 1350 758 1403 qui
804 1354 900 1403 post
944 1349 1016 1391 fol.
1058 1351 1110 1390 32
1155 1349 1315 1392 excidit
1368 1347 1486 1399 (τοὺς
1541 1347 1784 1404 διαφόρους

115 1434 156 1475 p.
183 1421 274 1472 112,
302 1419 350 1459 18
373 1442 426 1447 —
448 1415 641 1473 ποιήσας
662 1431 702 1470 p.
729 1419 820 1470 142,
847 1418 886 1465 1)
916 1417 1135 1470 suppletus
1166 1430 1291 1459 manu
1315 1418 1445 1460 multo
1478 1419 1709 1460 recentiore
1741 1417 1783 1457 in

121 1489 170 1528 10
210 1487 323 1529 foliis
364 1484 610 1528 chartaceis.
685 1498 783 1539 pars
826 1485 1021 1527 foliorum
1061 1497 1170 1526 nunc
1208 1498 1234 1526 a
1277 1485 1532 1539 bibliopegis
1572 1498 1646 1527 suo
1690 1485 1784 1527 loco

119 1555 290 1597 demota
328 1553 513 1595 alienum
554 1557 746 1606 occupat.
821 1565 848 1594 a
886 1551 1050 1594 duobus
1089 1552 1275 1594 librariis
1316 1557 1513 1595 exaratus
1554 1556 1636 1604 est;
1678 1552 1785 1593 alter

118 1622 222 1664 folia.
263 1621 443 1662 1-—118
484 1619 731 1675 conscripsit
771 1619 1088 1673 (quaterniones
1124 1621 1212 1674 15);
1253 1620 1321 1662 hic
1352 1621 1531 1674 paginas
1562 1620 1662 1662 fecit
1692 1632 1783 1660 uer-

119 1702 240 1732 suum
271 1688 523 1730 tricenorum
556 1688 777 1742 quinorum
809 1691 882 1729 aut
921 1687 1176 1728 tricenorum
1215 1701 1410 1730 senorum
1452 1692 1493 1730 et
1522 1688 1565 1729 in
1597 1687 1786 1740 margine

121 1762 163 1799 et
206 1760 455 1810 argumenta
500 1760 543 1798 et
583 1768 779 1798 numeros
825 1755 1105 1808 capitulorum
1150 1768 1307 1809 ponere
1353 1756 1471 1798 solet.
1539 1755 1646 1797 alter
1684 1754 1787 1796 folia

123 1826 361 1867 119—214
404 1823 617 1878 exarauit,
659 1824 729 1876 qui
769 1824 949 1877 paginas
991 1835 1083 1865 esse
1122 1824 1257 1865 uoluit
1294 1836 1489 1866 uersuum
1533 1825 1608 1877 33,
1647 1835 1787 1864 rerum

121 1893 283 1934 indices
314 1904 398 1932 non
429 1892 650 1945 apposuit,
692 1890 768 1933 sed
800 1891 911 1933 solos
943 1903 1162 1942 numeros,
1203 1892 1311 1934 sicut
1340 1891 1447 1933 alias
1480 1903 1646 1944 quoque
1677 1903 1785 1931 mar-

120 1960 208 2013 gini
239 1959 374 2012 magis
405 1959 608 2013 pepercit.
670 1959 756 2001 iota
787 1963 947 2001 mutum
979 1960 1079 2012 poni
1110 1959 1218 2002 solet
1249 1963 1290 2001 et
1320 1959 1548 2013 ascriptum
1573 1961 1632 2006 (ut
1655 1960 1723 2007 ωι)
1747 1961 1788 2000 et

123 2028 402 2081 subscriptum
429 2029 489 2077 (ut
512 2027 576 2080 ῳ),
609 2026 721 2080 quod
745 2039 874 2080 saepe
896 2027 1024 2069 etiam
1047 2026 1108 2069 eis
1130 2027 1349 2069 uocabulis
1371 2026 1554 2079 additur,
1586 2039 1612 2067 a
1635 2025 1787 2078 quibus

123 2096 307 2137 alienum
331 2100 416 2148 est;
446 2109 468 2134 ν
491 2091 802 2149 ἐφελκυστικὸν
824 2095 905 2136 nisi
926 2099 1024 2136 ante
1047 2095 1218 2136 uocales
1239 2095 1339 2148 poni
1360 2107 1443 2136 non
1465 2094 1584 2136 solet.
1627 2105 1787 2135 correc-

121 2167 253 2215 turae,
286 2175 395 2216 quae
418 2162 591 2215 quidem
614 2161 809 2204 adiectae
833 2166 928 2204 sunt
950 2175 1076 2204 manu
1098 2161 1235 2204 codici
1257 2162 1345 2204 fere
1367 2161 1550 2215 aequali,
1583 2161 1788 2203 incertum

123 2234 205 2283 est,
246 2233 383 2271 utrum
427 2229 499 2271 uni
537 2242 591 2271 an
631 2229 796 2272 duobus
838 2230 1144 2272 correctoribus
1184 2228 1462 2271 ascribendae
1501 2229 1595 2271 sint.
1656 2228 1790 2270 multa

123 2301 218 2339 sunt
238 2297 280 2338 in
302 2297 492 2351 margine
513 2296 677 2339 scholia
698 2302 739 2338 et
761 2298 905 2339 uariae
927 2297 1143 2349 lectiones,
1177 2309 1354 2350 quorum
1377 2296 1511 2338 maior
1531 2309 1629 2350 pars
1650 2295 1789 2349 prima

122 2376 247 2405 manu
278 2364 436 2417 scripta
466 2369 508 2406 et
539 2378 592 2407 ex
622 2363 857 2418 archetypo
890 2363 1041 2406 hausta
1073 2369 1154 2417 est;
1197 2363 1362 2406 scholia
1393 2362 1542 2406 eadem
1573 2363 1661 2405 fere
1694 2366 1790 2405 sunt

124 2443 233 2484 quae
253 2431 548 2486 Laurentiani3
580 2432 808 2474 Vaticanus
830 2435 971 2474 tamen
992 2432 1115 2486 plura
1136 2430 1332 2485 exhibet3
1363 2431 1470 2473 alias
1491 2434 1611 2472 notas
1633 2429 1791 2472 adiecit

124 2502 345 2540 corrector.
406 2504 502 2552 post
526 2500 750 2553 septimum
784 2499 885 2541 belli
908 2500 1061 2540 librum
1084 2503 1201 2541 extat
1221 2499 1507 2542 testimonium
1532 2497 1585 2540 de
1608 2497 1789 2549 Christo,

124 2570 170 2607 ut
199 2565 243 2607 in
272 2565 501 2608 Marciano.
560 2571 692 2608 totum
725 2567 902 2609 contulit
933 2567 1115 2609 Niesius.

128 2684 263 2721 ἰασατο
297 2684 436 2732 φήσας·
468 2688 575 2731 ίαμαι
605 2685 651 2724 τὰ
682 2682 800 2724 ὕδατα
825 2667 894 2724 tad>
919 2687 1022 2724 ἁλῶν
1045 2691 1192 2733 πλῆθος
1216 2687 1293 2729 (sic)
1317 2686 1453 2732 ἐναυτῆ
1477 2682 1656 2732 ἐμβαλὼν
1678 2681 1790 2728 κερά-

127 2753 201 2784 μου
223 2739 379 2787 άγγεῖον
401 2740 554 2787 μεστόν.
596 2744 642 2778 ad
665 2744 716 2780 lv
741 2746 806 2778 484
823 2754 875 2788 sq.
903 2757 948 2790 ση
971 2741 1132 2786 ἄπιστος
1156 2741 1364 2791 ἄνθρωπος
1390 2740 1474 2779 οὐδὲ
1498 2741 1653 2789 ἑβραιος
1677 2739 1790 2777 ἐστὶν.

129 2829 174 2863 ad
190 2829 222 2865 V
240 2834 278 2864 61
300 2825 332 2865 ὦ
348 2834 412 2876 τῆς
428 2834 632 2876 κολακείας
648 2836 717 2870 τοῦ
734 2834 989 2880 συγγραφέως.
1031 2833 1076 2868 ad
1095 2834 1142 2867 VI
1160 2837 1224 2869 425
1242 2836 1371 2876 κακῶς
1394 2830 1556 2879 ἐψήφισε
1581 2845 1655 2878 γαρ
1678 2794 1792 2877 (weng

132 2920 176 2956 H
198 2884 241 2966 χὲ
258 2913 307 2963 {a
