2039 3251
76 910 112 943 10

79 1248 114 1281 15

80 1585 119 1617 20

548 182 613 216 DE
642 181 799 216 BELLO
824 181 920 216 IUD.
948 180 1013 214 Vll
1040 181 1216 214 396—405
1241 179 1289 220 (ΙΧ
1322 184 1346 209 1.
1373 182 1404 220 2)
1722 174 1794 211 62]

142 296 190 338 τὸ
226 297 332 352 δρᾶν
362 291 465 351 μήτ’
502 294 564 344 εἷς
594 293 642 336 τι)
676 297 845 337 παθεῖν
878 290 1008 342 ἄλλος
1041 289 1173 334 ἄλλοι)
1206 291 1446 347 διαφέρειν.
1499 290 1571 330 καὶ
1604 288 1728 337 τέλος
1760 288 1801 329 οἱ
1836 293 1915 333 397

143 365 221 418 μὲν
243 363 322 412 τὰς
344 361 519 418 σφαγὰς
543 359 785 413 ὑπέθεσαν,
819 358 840 403 (ἶ
876 357 917 402 δ’
954 360 1016 410 εἷς
1046 362 1115 402 καὶ
1149 360 1398 407 τελευταῖος
1429 356 1476 399 τὸ
1510 357 1688 412 πλῆθος
1719 357 1804 397 τῶν

143 434 351 485 κειμένων
383 428 705 485 περιαθρήσας,
741 428 799 486 μη
831 427 917 470 πού
949 444 1016 477 τις
1048 423 1109 469 ’ἔτ’
1147 426 1190 468 ἐν
1222 426 1376 480 πολλῷ
1409 424 1532 479 φόνῳ
1564 426 1641 479 τῆς
1672 420 1805 465 αἰτοῦ

145 500 347 541 λείπεται
375 496 520 552 χειρὸς
553 497 777 550 δεόμενος,
818 493 876 546 ὡς
907 495 1014 551 ἔγνω
1047 493 1219 542 πάντας
1250 488 1567 548 ἀνῃρημένους,
1609 494 1696 545 πῦρ
1727 491 1806 544 μὲν

142 564 256 608 πολὺ
295 574 388 615 τοῖς
423 565 669 619 βασιλείοις
707 563 890 620 ἐνίησιν,
931 558 1081 618 ἀθρόα
1120 560 1165 602 δὲ
1202 563 1255 616 τῇ
1291 561 1404 614 χειρὶ
1446 555 1505 601 δι’
1552 556 1684 600 αὑτοῦ
1717 561 1806 600 πᾶν

144 632 306 682 ἐλάσας
345 631 395 674 τὸ
438 632 567 688 ξίφος
606 632 796 688 πλησίον
826 632 914 672 τῶν
946 629 1118 671 οἰκείων
1149 631 1376 670 κατέπεσε.
1428 629 1500 670 καὶ
1533 627 1575 669 οἱ
1605 626 1683 680 μὲν
1715 625 1806 667 ε’τε-
1838 632 1918 673 398

142 699 362 756 θνηκεσαν
416 696 712 755 ὑπειληφότες
767 693 892 739 οὐδὲν
943 697 1038 750 ἕχον
1091 695 1232 752 ψυχὴν
1276 693 1531 749 ὑποχείριον
1576 694 1622 744 ἐξ
1666 691 1808 735 αὑτῶν

143 851 212 885 τις
236 831 513 890 Ἐλεαζάρου,
555 832 768 890 φρονήσει
805 833 877 874 καὶ
919 831 1106 888 παιδείᾳ
1146 833 1356 874 πλεῖστον
1397 833 1608 886 γυναικῶν
1650 829 1807 885 διαφέ-

145 917 305 956 ρουσα,
337 903 410 944 καὶ
441 901 573 943 πέντε
604 900 766 942 παιδία
795 907 890 948 τοῖς
919 896 1177 954 ὑπονόμοις,
1211 902 1252 942 οἳ
1282 898 1421 941 ποτὸν
1453 896 1555 955 ἦγον
1587 893 1700 951 ἶῗδωρ
1734 895 1806 939 διὰ

143 971 232 1027 γῆς,
266 968 634 1026 ἐγκατακρυβῆναι
655 969 741 1009 τῶν
764 963 909 1009 ἄλλων
938 966 1052 1021 πρὸς
1081 969 1135 1023 τῇ
1167 969 1317 1024 σφαγῇ
1347 965 1425 1016 τὰς
1458 966 1658 1014 διανοίας
1690 964 1809 1017 ἐχόν-

138 765 370 821 Ῥωμαίοις
391 767 662 814 καταλιπεῖν,
695 765 856 807 ἔλαθεν
879 764 924 806 δὲ
946 763 1049 821 γυνὴ
1074 766 1312 819 πρεσβῦτις
1341 766 1413 806 καὶ
1447 761 1650 819 συγγενὴς
1682 760 1807 815 ἑτέρα
1840 767 1919 808 399

144 1053 244 1088 των,
278 1039 321 1079 οἳ
340 1036 416 1079 τὸν
445 1033 641 1092 ἀριθμὸν
671 1033 783 1090 ἦσαν
814 1031 1020 1091 ἑξήκοντα
1051 1034 1164 1089 πρὸς
1194 1043 1288 1084 τοῖς
1319 1033 1565 1083 ἐνακοσίοις
1595 1035 1810 1088 γυναικῶν
1841 1039 1922 1077 400

146 1098 238 1158 ἅμα
259 1106 331 1146 καὶ
360 1104 534 1147 παίδων
565 1098 715 1152 αὐτοῖς
747 1104 1183 1156 συναριθμουμένων.
1233 1104 1304 1145 καὶ
1336 1101 1384 1144 τὸ
1419 1101 1574 1151 πάθος
1605 1100 1808 1156 ἐπράχθη
1842 1105 1918 1144 401

145 1170 511 1227 πεντεκαιδεκάτῃ
543 1171 771 1217 Ξανθικοῦ
802 1169 952 1226 μηνός.

261 1242 298 1281 2.
347 1239 402 1282 Οἱ
435 1239 481 1281 δὲ
507 1235 707 1292 Ῥωμαῖοι
741 1237 881 1294 μάχην
913 1237 979 1280 ἔτι
1010 1238 1356 1292 προσδοκῶντες,
1393 1234 1480 1280 ὑπὸ
1514 1235 1591 1294 τὴν
1623 1236 1679 1278 ἕω
1712 1235 1809 1279 δια-
1841 1241 1922 1280 402

147 1305 465 1361 σκευασάμενοι
491 1308 562 1349 καὶ
594 1305 674 1356 τὰς
705 1301 793 1347 άπὸ
827 1307 913 1347 τῶν
941 1305 1157 1359 χωμάτων
1189 1304 1377 1362 ἐφόδους
1406 1313 1504 1354 ταῖς
1536 1303 1813 1359 ἐπιβάθραις

145 1373 479 1430 γεφυρώσαντες
502 1372 754 1431 προσβολήν
777 1372 1023 1415 ἐποιοῦντο.
1063 1374 1302 1427 βλέποντες
1324 1369 1365 1414 δ’
1393 1368 1548 1415 οὐδένα
1569 1374 1655 1413 τῶν
1678 1372 1812 1414 πολε-

146 1444 274 1494 μίων,
306 1436 418 1482 ἄλλα
441 1440 585 1498 δεινὴν
615 1439 899 1494 πανταχόθεν
930 1439 1113 1497 ε’ρημίαν
1144 1442 1213 1483 καὶ
1248 1443 1335 1495 πῦρ
1367 1440 1490 1483 ἔνδον
1521 1442 1591 1482 καὶ
1626 1439 1812 1496 σιωπήν,

149 1503 332 1562 ἀπόρως
354 1506 467 1561 εἶχον
489 1507 538 1551 τὸ
561 1508 737 1564 γεγονὸς
767 1509 1017 1562 συμβαλεῖν,
1048 1509 1119 1551 καὶ
1152 1509 1277 1558 τέλος
1308 1505 1366 1558 ιῧς
1399 1508 1460 1557 εἰς
1492 1505 1652 1564 ἄφεσιν
1681 1508 1815 1563 βολῆς

149 1570 385 1632 ἠλάλαξαν
418 1592 457 1617 ει
478 1593 577 1618 τινα
598 1578 685 1618 τῶν
708 1575 830 1618 ενδον
861 1577 1226 1630 προκαλέσαιντο.
1277 1593 1353 1632 τνς
1386 1576 1431 1618 δὲ
1461 1578 1568 1632 βοῆς
1600 1575 1813 1631 αισθησις

151 1646 317 1698 γίνεται
341 1652 435 1693 τοῖς
455 1646 663 1698 γιναίοις,
694 1639 775 1685 κάκ
803 1645 891 1685 τῶν
922 1639 1160 1697 ὗποιόμων
1192 1640 1409 1686 αναδῦσαι
1440 1643 1488 1686 τὸ
1522 1643 1726 1699 πραχθὲν
1757 1639 1817 1692 (ὃς

153 1715 241 1763 εἶχε
262 1709 376 1765 πρὸς
405 1709 508 1760 τοίς
525 1707 763 1764 Ῥωμαίους
795 1709 990 1767 ἐμήνιον,
1022 1711 1170 1754 πάντα
1202 1727 1279 1769 της
1309 1710 1460 1767 ετέρας
1491 1708 1549 1761 ὦς
1581 1711 1738 1767 ελέχθη
1769 1727 1817 1753 τε

150 1779 223 1820 καὶ
262 1781 361 1820 τίνα
397 1777 566 1832 τρόπον
606 1777 810 1836 επράχθη
853 1781 1008 1835 σαφῶς
1047 1778 1391 1836 ἐκδιηγουμένης.
1451 1796 1499 1821 ου
1536 1778 1620 1836 μὴν
1651 1778 1814 1835 ῥαδίως

154 1842 262 1901 αὐτῇ
284 1854 520 1899 προσεῖχον
541 1847 604 1901 τῷ
624 1849 803 1901 μεγέθει
825 1848 904 1888 τοῦ
923 1846 1204 1904 τολμήματος
1230 1843 1532 1899 ἀπιστοῦντες,
1565 1845 1816 1899 ἐπεχείρουν

263 2035 495 2071 PAMLVRC
504 2037 804 2081 LatHegesippus
820 2036 852 2071 V
871 2040 911 2070 53
930 2048 964 2081 p.
983 2040 1065 2072 386:
1099 2037 1258 2073 Zonaras
1283 2037 1299 2071 Ι
1323 2048 1358 2081 p.
1379 2040 1454 2072 559.

270 2095 285 2127 1
312 2090 357 2128 τὸ
384 2093 482 2137 (ante
507 2095 614 2139 ὁρᾶν)
638 2104 706 2128 om.
732 2092 879 2127 PA¹VR
950 2097 968 2128 2
996 2090 1016 2130 ὃ
1043 2090 1092 2136 δ’]
1119 2093 1139 2130 ὃ
1167 2094 1204 2130 δὲ
1228 2094 1295 2129 VR
1321 2089 1405 2129 οὐδ’
1431 2094 1457 2128 C
1529 2097 1547 2128 3
1573 2090 1626 2130 ἔτι
1651 2093 1751 2128 LVR

156 2149 176 2180 4
190 2143 298 2193 ἔγνω]
313 2144 433 2193 ἔγνων
445 2148 475 2182 L
489 2147 609 2195 ἐγγυῶ
627 2149 652 2183 C
712 2153 730 2183 5
745 2146 841 2185 πολὺ
854 2160 920 2184 om.
935 2149 1120 2185 LLatZon
1177 2149 1292 2196 ἐνίησι
1305 2150 1354 2183 Α1
1367 2149 1516 2187 ένίεισιν
1530 2150 1568 2184 Μ
1627 2153 1777 2187 διαυτοῦ
1790 2150 1818 2183 Ρ

155 2199 206 2238 δι’
232 2198 347 2239 αὐτοῦ
363 2204 493 2239 AVRC
519 2200 568 2240 δι’
595 2203 731 2241 ἑαυτοῦ
748 2205 776 2239 L
848 2209 865 2239 7
894 2203 1001 2242 οἰδὲν
1025 2203 1114 2252 ἔχον
1139 2204 1272 2253 ψυχὴν]
1299 2203 1477 2251 οὗδεμίαν
1502 2204 1599 2253 ἔχειν
1624 2203 1820 2252 ψυχὴνΡΑ

156 2259 331 2302 probante
340 2259 535 2296 Destinone
549 2256 723 2305 οὐδεμίαν
737 2258 825 2307 ἕχον
841 2259 1008 2307 ψυχὴνΜ
1023 2261 1202 2306 οὐδεμίαν
1216 2260 1336 2309 ψυχὴν
1347 2264 1373 2298 C
1389 2263 1524 2298 nullam
1539 2263 1695 2297 animam
1705 2263 1776 2297 Lat

157 2310 266 2351 οὐδὲν
276 2335 315 2339 —
327 2319 346 2351 8
360 2320 592 2359 καταλιπεῖν]
606 2315 655 2363 μή
669 2331 751 2353 τινα
766 2319 890 2361 ζῶντα
903 2322 1203 2365 καταλειφθῆναι
1217 2320 1294 2355 Zon
1352 2318 1516 2362 ἐξαυτῶν
1530 2319 1622 2354 PAL
1641 2317 1682 2362 ἐξ
1697 2314 1822 2355 αὐτῶν

157 2370 293 2405 MVRC
364 2375 383 2405 8
414 2376 656 2410 καταλειπεῖν
684 2373 746 2407 PA
816 2372 1032 2421 πρεσβύτησ
1055 2375 1133 2410 V¹C
1205 2382 1400 2422 συγγενεϊσ
1424 2377 1451 2410 Ρ
1485 2378 1658 2423 συγγενὶσ
1681 2375 1754 2410 MR

158 2424 292 2472 ἑταίρα
309 2427 379 2461 ML
396 2428 478 2463 fort.
496 2431 608 2472 recte3
627 2430 707 2464 uide
723 2429 817 2464 infra
833 2442 868 2465 u.
887 2433 929 2464 22
993 2434 1012 2465 9
1030 2434 1219 2474 πλεῖστον]
1238 2433 1375 2468 VRLat
1391 2433 1581 2469 πλείστων
1597 2431 1761 2467 PAMLC

160 2486 201 2517 10
226 2480 283 2519 διὰ
308 2487 379 2530 γῆσ
403 2477 502 2531 ὕδωρ
526 2487 572 2520 tr.
597 2488 631 2520 A
654 2486 751 2521 haud
775 2487 865 2521 male
937 2490 975 2522 11
1001 2485 1338 2535 ἐγκατακρυβῆναι]
1364 2488 1478 2523 abditi
1494 2489 1564 2523 Lat
1588 2491 1643 2536 τῷ
1666 2488 1823 2534 ἐγκατα-

159 2542 343 2586 κρυβῆναι
367 2540 519 2575 Hudson
542 2538 883 2589 ἐγκατακρυβεῐσαι
908 2543 1085 2578 Destinon
1165 2543 1277 2591 πρὸς]
1303 2542 1379 2592 πρὸ
1407 2545 1434 2580 C
1518 2548 1558 2580 12
1585 2542 1764 2590 ἑξήκοντα
1781 2564 1821 2568 ——

158 2593 386 2637 ἐνακοσίοις]
412 2594 598 2634 διακόσιοι
624 2595 723 2645 πρὸς
747 2596 927 2644 ἑξήκοντα
952 2600 1029 2635 Zon
1126 2600 1372 2638 ἐννακοσίοισ
1397 2600 1526 2635 PAVR
1551 2601 1823 2637 πεντακοσίοισ

159 2650 189 2684 L
214 2652 387 2697 nonqentc'
410 2652 566 2697 LatHeg
661 2658 700 2688 13
726 2655 885 2691 παιδίων
909 2655 935 2689 C
1030 2653 1088 2698 τὸ]
1114 2656 1159 2693 τὸ
1184 2657 1254 2701 μὲν
1279 2658 1387 2693 Niese
1470 2657 1640 2691 Xanthioi
1668 2660 1718 2691 15.
1745 2656 1820 2690 dies

161 2709 215 2741 est
239 2710 270 2741 2.
296 2708 371 2742 Mai
395 2708 459 2749 (VI
482 2720 565 2745 non.
591 2710 690 2754 Mai.)
713 2712 798 2746 anni
822 2712 953 2746 Iuliani
977 2715 1032 2753 (72
1058 2723 1093 2757 p.
1121 2713 1217 2755 Chr.)
1359 2717 1397 2748 15
1422 2714 1444 2748 i.
1471 2723 1582 2757 marg.
1609 2710 1666 2749 λς’
1693 2712 1720 2747 C

162 2765 432 2808 πθθδθκῶνῒεσ
462 2765 496 2800 R
636 2769 675 2801 16
700 2764 773 2804 τὰσ
795 2767 1017 2816 ἐπιβάθρασ
1040 2769 1070 2803 L
1212 2763 1250 2804 17
1276 2769 1492 2812 ἐποιοῦντο]
1519 2770 1634 2804 LZon
1666 2767 1825 2804 ἐποίουν

1844 1376 1926 1415 403

1846 1579 1927 1617 404

1847 1783 1926 1821 405

164 2817 362 2854 PAMVRC
454 2821 493 2857 δὲ
516 2821 583 2856 VR
654 2826 694 2857 18
720 2821 840 2869 δεινὴν
865 2820 1139 2872 άπανταχόθεν
1162 2823 1183 2872 ἡ
1209 2827 1345 2872 ἐρημία
1370 2828 1434 2862 καὶ
1458 2826 1509 2861 sic
1535 2825 1561 2858 C
1651 2828 1690 2859 19
1715 2837 1821 2870 yaeyo-
1851 2841 1854 2843 ’
1875 2846 1878 2847 ’

163 2875 242 2908 νῶσ
267 2876 322 2915 (-
338 2873 396 2911 ω“σ
421 2876 461 2919 G)
485 2877 547 2912 AC
646 2881 687 2913 20
712 2881 1039 2926 προσκαλέσαιντο
1064 2883 1141 2918 Zon
1257 2886 1296 2917 21
1323 2884 1387 2918 καὶ
1411 2881 1454 2917 ἐκ
1477 2881 1543 2915 VR
1659 2882 1700 2913 22
1726 2878 1822 2914 ἑταί-

167 2941 239 2975 ρασ
263 2929 332 2963 ML
425 2932 582 2980 ἐλέγχθη
607 2934 655 2969 V¹
747 2939 790 2970 24
814 2940 1011 2983 προσῆχον
1034 2939 1066 2972 Α
1158 2941 1226 2986 τῷ]
1252 2934 1296 2974 τὸ
1323 2939 1356 2971 Α
