2039 3251
91 542 109 573 5

73 878 109 911 10

72 1215 109 1247 15

559 149 624 184 DE
650 149 809 184 BELLO
834 149 929 185 IUD.
957 150 1006 184 IV
1031 152 1209 184 442-449
1235 153 1320 192 (vm
1349 153 1379 191 1)
1717 152 1797 186 405

143 261 410 318 δεκαδάρχας
430 263 509 317 μὲν
530 262 698 317 κώμαις
720 262 997 318 ἐγκαθιστάς,
1030 262 1344 318 ἑκατοντάρχας
1367 263 1412 306 δὲ
1436 263 1619 306 πόλεσι·
1652 263 1798 305 πολλὰ

143 330 189 372 δὲ
230 326 409 386 ἀνῴκιζε
446 333 519 373 καὶ
555 333 642 373 τῶν
673 334 1043 387 πεπορθηῐιιένων.
1093 327 1180 372 ὑπὸ
1216 331 1262 372 δὲ
1291 330 1368 388 τὴν
1401 326 1532 386 ἀρχὴν
1561 333 1639 374 τοῦ
1670 330 1798 385 ἔαρος

143 394 376 453 ἀναλαβών
401 397 449 439 τὸ
487 399 621 440 πλέον
652 401 728 454 τῆς
760 397 981 452 δυνάμεως
1015 395 1168 455 ἤγαγεν
1202 396 1291 441 ἀπὸ
1324 401 1399 456 τῆς
1421 402 1693 454 Καισαρείας
1724 397 1797 441 ε’·πὶ

136 461 494 519 ἀκίντιπατρίδοςῃ
534 465 646 508 ἔνθα
687 467 812 508 δυσὶν
850 463 1033 521 ἡμέραις
1062 466 1446 523 καταστησάμενος
1477 465 1554 523 τὴν
1585 464 1717 508 πόλιν
1748 471 1800 521 τῇ

138 537 260 589 τρίτῃ
301 532 459 589 προῄει
498 535 687 587 πορθῶν
725 535 794 575 καὶ
834 537 970 575 καίων
1008 532 1087 582 τὰς
1119 534 1249 588 πέριξ
1278 533 1439 583 πάσας.
1490 533 1800 588 καταστρεψά-

140 616 270 654 μενος
302 601 347 642 δὲ
378 600 432 641 τὰ
466 603 566 655 περὶ
599 600 676 656 τὴν
701 602 856 654 Θαμνὰ
888 603 1135 655 τοπαρχίαν
1167 599 1243 642 ἐπὶ
1264 599 1458 642 Λύδδων
1488 602 1559 643 καὶ
1587 596 1801 654 Ἰαμνείας

142 666 290 722 ἐχώρει
317 669 387 709 καὶ,
421 670 842 723 προκεχειρωμέναις
872 666 1096 721 ἑκατέραις
1118 666 1441 722 ἐγκαταστήσας
1464 667 1693 724 οἰκήτορας
1713 669 1801 708 τῶν

141 734 566 791 προσκεχωρηκότων
606 733 780 783 ἱκανοὺς
819 733 881 784 εἷς
905 730 1188 787 ΞΙμμαοῦντα
1229 731 1493 791 ἀφικνεῖται.
1552 734 1799 789 καταλαβό-

140 819 270 856 μενος
302 803 347 845 δὲ
378 801 458 852 τὰς
489 802 564 845 ἐπὶ
594 802 670 859 τὴν
702 800 977 857 μητρόπολιν
1010 796 1152 843 αὐτῶν
1185 801 1390 856 εἰσβολὰς
1421 801 1722 857 στρατόπεδόν
1753 818 1800 844 τε

141 870 315 923 τειχίζει
353 872 425 913 καὶ
464 869 512 911 τὸ
554 869 759 923 πέμπτον
800 867 843 910 ἐν
876 863 984 924 αὖτῖ
1015 867 1160 923 τάγμα
1190 868 1448 912 καταλιπών
1480 868 1658 924 πρόεισι
1689 869 1799 923 μετὰ

141 940 218 992 τῆς
260 934 391 994 ἄλλης
431 937 654 990 δυνάμεως
694 934 767 977 ἐπὶ
800 934 877 991 τὴν
909 937 1273 994 Βεθλεπτηνφῶν
1304 939 1563 991 τοπαρχίαν.
1614 939 1720 991 περὶ
1755 937 1800 978 δὲ

142 1001 275 1063 α’ἷττήν
314 1021 362 1047 τε
391 1005 462 1046 καὶ
493 1002 571 1060 τὴν
601 1005 859 1058 γειτνιῶσαν
897 998 1062 1045 ἆνελῶν
1098 1006 1172 1046 καὶ
1202 1003 1256 1046 τὰ
1288 1003 1420 1059 πέριξ
1453 1007 1530 1062 τῆς
1554 1000 1802 1058 Ἰδουμαίας

142 1072 332 1128 φρούρια
367 1080 459 1120 τοῖς
489 1070 737 1124 ἐπικαίροις
766 1069 926 1120 τόποις
957 1070 1221 1124 ἐπετείχισε·
1261 1068 1615 1126 καταλαβόμενος
1647 1072 1693 1114 δὲ
1725 1071 1800 1113 δι’-ο

142 1136 288 1194 κώμας
318 1138 397 1189 τὰς
427 1137 695 1192 μεσαιτάτας
724 1139 801 1194 τῆς
827 1133 1095 1192 Ἰδουμαίας,
1128 1139 1359 1219 Βήταβριν
1380 1140 1451 1181 καὶ
1484 1135 1799 1221 Καφάρτοβαν,

140 1210 295 1249 κτείνει
327 1206 404 1260 μὲν
434 1202 545 1261 ὑπὲρ
576 1209 770 1259 μυρίοις,
805 1204 1171 1260 αἰχμαλωτίζεται
1203 1207 1249 1249 δε
1280 1203 1391 1262 ὕπερ
1419 1207 1606 1259 χιλίοις,
1647 1224 1717 1249 και
1749 1224 1798 1248 το

143 1272 302 1316 λοιπὸν
343 1274 520 1327 πλῆθος
559 1268 767 1323 ἐξελάσας
809 1272 1122 1330 ἐγκαθίστησιν
1160 1290 1237 1330 τις
1277 1274 1440 1323 οἰκείας
1472 1272 1695 1328 δωάμεως
1727 1269 1802 1316 οὗκ

141 1336 303 1398 ολίγην,
336 1343 378 1383 οἳ
409 1343 746 1396 κατατρέχοντες
778 1339 1004 1395 επόρθοιν
1037 1335 1079 1382 ά
1077 1356 1216 1383 τασαν
1246 1340 1323 1399 τὴν
1355 1337 1540 1418 ορεινην.
1593 1337 1724 1392 αὐτὸς
1755 1340 1801 1383 δὲ

142 1407 251 1462 μετὰ
273 1410 348 1464 τῆς
369 1408 528 1465 λοιπῆς
560 1407 784 1463 δυνάμεως
815 1405 1094 1465 ὑπέστρεψεν
1126 1408 1188 1459 εἷς
1213 1405 1449 1463 Αμμαοῦν,
1481 1404 1590 1451 όθεν
1623 1407 1696 1451 διὰ
1726 1411 1803 1466 τῆς

140 1475 460 1530 Σαμαρείτιδος
489 1477 562 1518 καὶ
592 1475 716 1530 παρὰ
747 1475 825 1531 τὴν
856 1479 922 1518 N
902 1493 977 1519 εαν
984 1476 1142 1560 πόλιν
1173 1477 1453 1534 καλοιιιενην,
1486 1475 1724 1532 ΪΙΙαβαρθα
1758 1472 1797 1518 δ)

250 1587 792 1633 PAMLVRCLatHegesippus
803 1558 867 1625 IV
888 1558 947 1624 16
958 1600 994 1633 p.
1004 1558 1096 1623 247.

254 1648 268 1679 1
296 1641 536 1690 ἐγκαθιστάς]
564 1655 752 1690 opponens
767 1644 838 1679 Lat
909 1648 928 1679 2
951 1642 1027 1681 υπὸ
1053 1665 1096 1669 -
1121 1641 1248 1691 εαρος]
1268 1645 1379 1690 prius
1403 1648 1522 1679 tamen
1538 1644 1608 1679 Lat
1684 1641 1803 1691 ἔαροσ

144 1710 186 1734 ex
210 1695 328 1747 οἷέροσ
353 1711 444 1735 corr.
468 1700 539 1736 uid.
557 1703 590 1735 A
615 1696 734 1746 οἷέροσ
750 1701 811 1735 VC
881 1704 902 1735 4
927 1704 1030 1737 δυοῖν
1051 1701 1082 1735 L
1151 1698 1497 1746 καταστησάμενος]
1523 1698 1802 1748 ἐγκαταστησά-

137 1769 256 1800 μενοσ
271 1756 471 1792 PAMVRO
488 1758 659 1800 (ciuitate)
684 1758 884 1803 composita
900 1757 972 1792 Lat
1041 1759 1086 1802 τῇ
1104 1767 1171 1791 om.
1186 1757 1214 1791 P
1285 1761 1303 1791 6
1323 1753 1381 1799 τὰ]
1400 1753 1472 1793 τοίσ
1489 1758 1591 1792 LLat
1661 1754 1803 1801 θαμνίι,

139 1825 162 1847 α
179 1815 262 1847 ante
277 1826 304 1856 μ
321 1823 365 1848 ex
383 1828 394 1848 ι
420 1824 512 1849 corr.
530 1815 562 1848 A
586 1817 716 1858 θαμνᾶ
736 1814 808 1849 MR
833 1810 986 1858 θαμνὰν
1002 1813 1032 1847 L
1058 1815 1211 1858 θαμνᾶν
1227 1813 1259 1848 V
1284 1816 1446 1857 θαμνᾶν,
1471 1827 1492 1848 ν
1515 1814 1624 1848 finale
1649 1813 1801 1848 deletum

137 1868 209 1903 uid.
235 1868 261 1902 C
287 1873 444 1903 tmmzam
468 1869 538 1904 Lat
653 1871 871 1916 τοπαρχίασ
895 1870 998 1904 LLat
1111 1866 1278 1911 Λύδδων]
1308 1866 1428 1906 λύδων
1451 1870 1512 1904 ΡΑ
1536 1869 1668 1915 λύδδησ
1691 1869 1802 1903 LV²C

137 1924 284 1970 lyddam
309 1929 414 1967 (acc.)
440 1926 510 1960 Lat
617 1926 771 1971 ἰαμνίασ
793 1927 853 1960 LC
878 1926 1062 1971 ϊαμν·ίασ
1085 1925 1119 1960 V
1234 1929 1251 1958 7
1278 1927 1658 1973 προκεχειρωμέναις]
1685 1938 1802 1972 προσ-

138 2027 421 2073 κεχωρημέναισ
435 2026 544 2061 LLat
613 2030 632 2062 8
651 1997 985 2074 προσκεχέίόγκότων
1000 2028 1032 2061 Α
1102 2026 1315 2061 amathunta
1340 2027 1417 2061 cod.
1437 2027 1553 2062 Berol.
1572 2027 1642 2060 Lat
1712 2028 1731 2059 9
1750 2025 1801 2068 δὲ]

141 2096 182 2118 τε
198 2083 307 2117 LLat
379 2087 417 2117 10
443 2080 488 2119 τὸ
507 2094 576 2118 0111.
595 2083 629 2119 R
697 2083 938 2120 καταλειπὼν
956 2083 981 2117 C
1052 2081 1225 2129 πρόσεισι
1244 2082 1444 2118 PAMVRC
1518 2086 1553 2117 11
1573 2085 1802 2129 βεθλεπτην-

140 2142 234 2183 φῶν,
250 2143 338 2176 εθλε
355 2139 378 2174 i.
396 2149 466 2175 ras.
484 2141 518 2174 A
533 2143 817 2187 βεθλεπτημφῶ
822 2155 839 2175 ν
860 2141 899 2174 Μ
916 2135 1216 2187 βεθλεπτηνφών
1235 2139 1265 2173 V
1282 2142 1574 2185 βετελεπτηφῶν
1589 2139 1620 2173 L
1637 2142 1801 2184 βεθλεπ-

137 2193 265 2241 τηφὼν
298 2196 324 2230 Ο
356 2194 566 2241 bethlepton
594 2198 635 2230 ut
663 2195 736 2231 uid.
768 2196 855 2238 Lat;
890 2195 936 2229 cf.
961 2195 1051 2228 Plin.
1077 2194 1110 2227 h.
1137 2205 1172 2228 n.
1198 2195 1230 2228 V
1255 2198 1296 2229 70
1438 2198 1478 2229 12
1512 2208 1552 2231 τε
1587 2206 1654 2230 om.
1680 2195 1711 2228 L

143 2254 181 2286 13
215 2249 392 2298 φρούρια]
428 2249 592 2299 φρούρια
623 2252 692 2297 μὲν
714 2251 817 2285 LLat
846 2251 929 2286 fort.
956 2254 1052 2285 recte
1194 2253 1232 2284 14
1258 2248 1458 2297 Βήταβριν]
1482 2249 1644 2298 βήταριν
1666 2250 1803 2286 MVRC

139 2306 352 2355 μετάφορίν
377 2320 417 2344 τε
434 2308 465 2342 L
492 2307 642 2354 beqabrz·
665 2308 762 2350 (abl.)
779 2307 849 2342 Lat
874 2307 1024 2352 leqarz'm
1042 2306 1134 2350 Heg3
1160 2306 1206 2341 cf.
1225 2306 1347 2351 Steph.
1366 2307 1449 2352 Byz.
1476 2319 1505 2342 s.
1523 2309 1760 2353 Βαιταρροῦς

142 2363 419 2412 Καφάρτοβαν]
444 2364 499 2399 ed.
525 2375 579 2409 pr.
605 2361 909 2411 καταφάρτοβαν
941 2363 1033 2397 PAC
1066 2360 1372 2409 καταφαρτόβαν
1395 2363 1468 2398 MR
1499 2366 1805 2410 καταφαρτοβαν

141 2420 218 2463 (sic)
238 2420 270 2456 V
295 2418 523 2467 φαρτόρβαν
547 2421 578 2454 L
603 2421 845 2466 cafartobran
871 2420 941 2454 Lat
972 2422 1192 2465 capartorem
1218 2419 1320 2453 codd.
1344 2419 1535 2463 Hegesippi
1608 2423 1647 2454 15
1674 2419 1804 2482 αἰχμα-

142 2477 287 2520 λωτίζει
311 2476 341 2510 L
413 2472 519 2520 ὑπὲρ]
553 2490 639 2521 περι
663 2477 694 2511 L
768 2480 808 2511 16
844 2476 998 2517 οἰκείας]
1024 2475 1124 2511 ἰδιάσ
1147 2475 1316 2511 AMVRC
1389 2478 1426 2509 17
1456 2470 1588 2521 ὀλίγον
1612 2474 1638 2508 C
1708 2468 1804 2510 ἅπα-

144 2589 214 2612 σαν
237 2574 436 2621 ἐπόρθουν
459 2580 502 2612 tr.
521 2578 550 2611 L
622 2578 671 2619 δὲ]
697 2577 735 2613 δὲ
759 2570 849 2613 τότε
868 2576 898 2610 L
972 2579 1010 2611 18
1037 2574 1239 2622 δυνάμεως]
1266 2579 1450 2623 στρατιᾶσ
1473 2576 1504 2610 L
1574 2541 1804 2620 ὑπέστέξῩΙΑ

143 2628 378 2680 ὑπέστρεφεν
401 2632 530 2667 LVRG
669 2629 868 2678 Ἀμμαοῦν]
892 2631 1064 2677 ἐμμαοῦν
1086 2633 1117 2666 L
1143 2628 1368 2678 άμμαοῦντα
1394 2631 1420 2666 C
1445 2642 1588 2667 amaum
1612 2631 1684 2665 Lat
1707 2642 1804 2666 ama-

146 2687 253 2728 tlzmz,
285 2699 378 2733 quae
402 2688 446 2722 de
471 2689 577 2734 aquis
606 2689 736 2724 calidis
766 2689 980 2725 uocabulum
1010 2690 1180 2736 sumpsit,
1211 2689 1311 2735 quod
1339 2699 1517 2734 aquarum
1541 2697 1661 2733 uapor
1684 2687 1805 2733 syriae

144 2753 306 2778 sermone
329 2744 497 2779 amathus
520 2745 704 2791 appellari
725 2746 848 2790 fertur
864 2746 957 2789 Heg3
984 2745 1029 2781 cf.
1055 2757 1088 2790 p.
1104 2748 1181 2789 348,
1197 2748 1216 2779 6
1278 2748 1317 2780 19
1343 2742 1523 2781 νεάπολιν
1546 2742 1746 2778 PAMVRC

147 2797 346 2845 Μαβαρθὰ
371 2796 420 2841 δ’]
444 2797 670 2848 μαβαρθάδ)
696 2805 737 2844 (θ
759 2802 782 2837 i.
807 2812 878 2837 ras.
904 2811 947 2836 ex
964 2805 985 2837 λ
1010 2813 1102 2837 corr.
1129 2803 1214 2845 uid.)
1238 2802 1266 2836 P
1290 2798 1478 2848 μαβαρθὰ
1502 2800 1569 2835 ΜΟ
1593 2798 1804 2847 μαβαρθαν

149 2853 186 2889 δὲ
209 2854 239 2888 L
264 2852 486 2902 μαβάρθ-αδ’
510 2857 543 2891 R
567 2857 732 2892 maborta
756 2859 818 2892 aut
847 2857 1073 2893 mabortlzam
1105 2858 1175 2893 Lat
1199 2857 1406 2893 Mamortha
1439 2857 1528 2892 Plin.
1560 2856 1595 2892 h.
1628 2867 1660 2890 n.
1685 2855 1719 2890 V
1745 2856 1801 2897 693

148 2907 196 2943 cf.
220 2909 350 2944 Stiehle
373 2911 499 2946 Philol.
523 2912 575 2945 XI
602 2914 664 2947 188

1831 336 1911 375 443

1832 539 1913 577 444

1832 742 1911 779 445

1832 945 1914 984 446

1833 1077 1913 1115 447

1833 1210 1912 1250 448

1832 1347 1913 1386 449
