1987 3246
153 157 235 192 LVI
882 155 1074 189 Praefatio.

154 270 236 313 hoc
273 270 480 311 interdum
519 282 569 311 ea
599 270 717 321 sequi
750 268 876 310 etiam
907 281 990 310 non
1021 268 1284 312 adsentiente
1315 271 1371 321 L,
1412 270 1527 311 uelut
1557 284 1596 323 p.
1630 272 1724 323 511,
1759 272 1809 310 15

156 351 249 380 cum
271 336 345 377 PA
373 350 454 378 non
485 336 646 388 recepit
675 335 805 376 uerba
835 334 970 375 πλέον
1000 336 1077 376 τοῦ
1107 334 1161 385 ἵν,
1194 349 1302 389 quae
1332 338 1374 378 in
1395 337 1429 377 L
1459 337 1639 390 aliisque
1672 336 1809 378 ferun-

154 409 231 445 tur.
291 402 436 444 codice
467 403 595 456 igitur
626 415 723 444 usus
754 406 817 444 est
848 406 1071 455 excerptor
1101 404 1266 455 generis
1296 404 1501 458 melioris,
1545 404 1616 457 qui
1647 403 1809 446 similli-

154 484 244 512 mus
285 469 363 511 fuit
391 469 674 511 Laurentiano
716 482 794 511 nec
831 482 968 522 pauca
1007 483 1060 511 ex
1091 482 1245 522 genere
1275 471 1484 513 deteriore
1514 471 1697 524 recepit,
1738 471 1809 523 qui

153 537 249 579 talis
280 537 369 589 fuit,
402 540 446 578 ut
477 549 571 578 eum
601 534 868 589 superstitem
900 548 993 578 esse
1025 549 1149 588 quam
1182 538 1365 580 maxime
1396 539 1611 580 uellemus.

266 603 427 645 Eadem
459 607 522 645 est
551 603 658 645 ratio
691 603 882 656 excerpti
914 601 1196 650 Poliorcetz'ce‘,
1230 616 1311 656 quo
1342 617 1448 646 unus
1477 605 1594 647 locus
1624 607 1680 659 (p.
1712 605 1806 655 297,

152 673 348 724 4—300,
380 673 420 719 4)
458 669 655 723 traditur3
696 669 904 712 interdum
941 670 1051 711 enim
1083 683 1177 712 cum
1208 670 1359 719 VRO1)
1393 672 1594 724 concinit,
1635 671 1806 724 saepius

153 752 247 780 eum
277 737 452 791 PAL2);
489 736 644 779 deinde
684 737 816 779 semel
847 737 1133 779 memorabilis
1164 739 1370 791 reperitur
1402 752 1496 780 eum
1527 739 1560 779 L
1592 739 1680 780 solo
1713 751 1808 780 con-

153 818 298 848 sensus
314 806 367 856 3);
402 805 467 847 bis
497 804 680 857 denique
719 805 895 846 meliora
931 803 1099 845 tradere
1134 804 1302 847 uidetur
1337 818 1462 858 quam
1498 806 1649 858 reliqui
1680 808 1808 846 testes

151 884 295 914 omnes
309 870 352 920 ⁴).

267 939 332 981 De
373 939 596 992 Excerptis
636 937 928 991 Neapolitanis
967 940 1023 992 (p.
1055 938 1214 987 XVIII)
1258 952 1339 981 uno
1379 939 1509 981 uerbo
1546 938 1706 980 dixisse
1747 942 1811 980 sat

152 1007 241 1048 erit.
303 1019 354 1047 ea
392 1006 503 1047 enim
545 1018 651 1059 quae
692 1005 866 1047 contulit
897 1006 993 1047 Mau
1032 1006 1091 1047 ita
1130 1019 1221 1048 cum
1255 1006 1290 1046 V
1330 1007 1614 1058 consentiunt,
1653 1009 1698 1046 ut
1727 1017 1809 1046 non

152 1073 394 1126 discrepent
413 1073 494 1115 nisi
516 1086 609 1115 raro
626 1076 668 1122 5).
718 1073 930 1125 Excerpta
950 1071 1226 1112 Ambrosiam
1248 1077 1448 1127 quantum
1479 1087 1532 1115 ex
1563 1073 1707 1126 paucis
1739 1071 1810 1124 qui

152 1141 419 1182 innotuerunt
462 1140 567 1182 locis
608 1152 862 1193 cognoscere
901 1140 1036 1192 licuit,
1083 1152 1136 1181 ex
1176 1140 1322 1183 codice
1361 1141 1527 1193 generis
1567 1140 1641 1180 VR
1678 1139 1811 1192 petita

151 1211 247 1249 sunt
261 1209 303 1256 6).

711 1354 733 1400 ξ
768 1353 817 1392 13
850 1350 902 1393 de
934 1351 1244 1405 interpretibus.

264 1452 547 1506 Interpretum
586 1452 820 1505 principem
861 1452 1050 1494 ordinem
1091 1452 1251 1494 obtinet
1281 1449 1470 1490 Latinas.
1539 1465 1590 1494 ac
1628 1452 1809 1505 primum

148 1519 402 1561 monendum
449 1523 511 1562 est
554 1519 805 1572 quibusdam
843 1520 947 1562 locis
982 1533 1065 1561 non
1101 1524 1214 1561 certo
1247 1523 1458 1571 constare,
1500 1518 1602 1571 quid
1632 1518 1809 1568 dederit,

152 1587 349 1640 quoniam
395 1600 478 1629 non
524 1590 640 1629 extat
685 1587 814 1629 editio
855 1600 908 1629 ex
947 1587 1117 1641 optimis
1155 1586 1273 1628 libris
1313 1586 1516 1628 confecta.
1583 1599 1660 1627 nos
1699 1585 1810 1626 enim

150 1658 319 1707 praeter
342 1654 456 1696 edita
477 1654 582 1696 duos
605 1654 772 1697 codices
793 1654 1028 1708 habuimus,
1061 1654 1131 1707 qui
1154 1654 1231 1696 etsi
1253 1654 1315 1695 rei
1340 1657 1507 1695 nostrae
1539 1654 1639 1695 satis
1670 1652 1810 1694 facere

151 1721 426 1775 uidebantur,
473 1722 681 1775 quaedam
727 1726 867 1763 tamen
907 1721 1044 1763 futuro
1076 1722 1314 1774 interpretis
1346 1720 1498 1762 editori
1536 1721 1808 1773 reliquerunt.

150 1793 334 1831 ceterum
375 1789 601 1831 tenendum
642 1794 704 1831 est
736 1802 830 1831 eum
861 1802 954 1831 esse
985 1789 1276 1842 interpretem,
1317 1793 1361 1830 ut
1391 1789 1560 1842 saepius
1592 1801 1674 1829 non
1705 1788 1808 1829 satis

149 1856 340 1908 intellegi
361 1856 507 1910 possit,
541 1869 649 1909 quae
672 1855 865 1897 habuerit
886 1855 1071 1909 Graeca,
1103 1856 1283 1910 primum
1307 1856 1417 1897 enim
1440 1856 1526 1897 alia
1547 1860 1611 1897 est
1631 1855 1808 1896 Latinae

153 1923 326 1975 linguae
356 1927 506 1964 natura
536 1937 586 1965 ac
616 1923 827 1975 Graecae3
859 1922 1014 1963 deinde
1044 1923 1250 1976 interpres
1283 1924 1359 1964 etsi
1390 1923 1564 1964 uerbum
1596 1922 1649 1964 de
1679 1922 1809 1963 uerbo

152 1990 253 2032 satis
283 1994 477 2032 accurate
508 1988 732 2032 transferre
765 1990 911 2031 solitus
943 1990 1018 2041 sit,
1050 1993 1188 2030 tamen
1220 2003 1301 2030 non
1331 2003 1425 2031 raro
1456 2003 1482 2030 a
1510 1989 1693 2042 Iosepho
1725 1988 1808 2030 dis-

151 2058 290 2099 cessit.
340 2058 522 2110 primum
553 2057 664 2098 enim
695 2056 886 2099 ordinem
917 2056 1161 2108 uerborum,
1202 2069 1296 2097 eum
1326 2069 1402 2109 per
1431 2056 1601 2109 linguae
1631 2056 1808 2097 Latinae

148 2125 265 2177 leges
305 2137 474 2167 seruare
513 2125 678 2176 liceret,
718 2123 888 2176 saepius
927 2123 1124 2175 mutauit,
1165 2123 1208 2164 id
1248 2122 1360 2176 quod
1391 2127 1463 2164 aut
1493 2122 1763 2176 neglegentia
1778 2123 1806 2171 7)

149 2191 333 2245 quadam
371 2192 527 2234 factum
567 2204 659 2233 esse
702 2190 869 2232 uidetur
906 2193 978 2231 aut
1018 2190 1238 2232 inscientia
1253 2193 1295 2240 δ).
1354 2190 1468 2232 idem
1509 2193 1582 2232 aut
1620 2189 1807 2242 singulas

148 2271 274 2301 uoces
318 2263 391 2300 aut
430 2259 708 2312 complurium
747 2258 969 2299 uerborum
1011 2258 1163 2299 seriem
1203 2258 1365 2310 omisit,
1412 2271 1505 2299 cum
1546 2262 1618 2298 aut
1657 2270 1806 2310 parum

266 2349 295 2388 1)
321 2357 355 2390 p.
384 2349 460 2388 297,
487 2349 521 2389 ῖς
549 2348 624 2388 299,
653 2348 709 2387 11;
739 2348 789 2379 14.
882 2346 914 2386 2)
940 2344 1040 2379 uelut
1063 2355 1097 2387 p.
1125 2347 1200 2386 298,
1229 2347 1284 2383 1S;
1316 2348 1391 2386 299,
1421 2348 1472 2379 10.
1567 2347 1598 2386 3)
1624 2355 1656 2388 p.
1684 2346 1761 2384 298,
1791 2347 1802 2378 1

148 2399 353 2448 νεοδόρους
382 2402 484 2437 abest
508 2402 552 2435 ab
576 2401 623 2434 L¹
648 2401 724 2435 Exc
747 2401 827 2435 Lat.
931 2402 965 2442 4)
989 2411 1023 2444 p.
1045 2403 1120 2442 297,
1142 2403 1199 2440 12;
1227 2403 1301 2442 299,
1326 2405 1350 2434 1.
1445 2404 1477 2436 5)
1503 2410 1523 2434 a
1547 2401 1579 2435 V
1604 2400 1809 2445 discrepant

147 2502 262 2536 hisce:
288 2513 323 2546 p.
344 2505 419 2543 180,
437 2505 455 2535 5
474 2497 735 2548 ἀλεξητήριονς
759 2501 797 2537 δὲ
814 2501 998 2544 omittunt3
1029 2504 1064 2536 11
1093 2499 1260 2547 ἁγνειάςς
1289 2503 1363 2543 183,
1385 2504 1403 2535 2
1420 2470 1663 2548 βεβλίῖαενην.
1704 2510 1806 2545 prae-

147 2562 245 2592 terea
269 2558 314 2592 ad
343 2561 416 2599 181,
445 2560 483 2592 13
509 2557 694 2592 adnotauit
717 2567 810 2591 man.
838 2560 852 2591 1
880 2557 980 2603 βαρὺ
1004 2555 1078 2603 γὰρ
1111 2563 1190 2599 τοῖς
1221 2553 1362 2593 ἀδικεῖν
1394 2557 1546 2592 θέλουσι
1571 2553 1616 2592 τὸ
1643 2560 1809 2602 συνεχῶς

148 2616 366 2649 νουθετοῦν.
437 2617 468 2655 6)
488 2614 626 2647 enotari
642 2614 793 2656 possunt
810 2624 854 2647 ex
870 2613 1116 2648 Ambrosianis
1133 2615 1240 2648 haec:
1259 2625 1292 2657 p.
1318 2616 1368 2655 19,
1390 2616 1429 2646 14
1447 2609 1657 2658 ἀνῃρῆσθαι
1674 2613 1808 2647 habent

147 2679 227 2702 cum
245 2669 434 2713 AMLVR3
462 2672 515 2710 20,
536 2673 573 2703 17
595 2666 638 2705 οὐ
660 2671 791 2704 πλεῖον
814 2664 1040 2714 βασιλεύσας
1056 2672 1099 2703 tr.
1120 2680 1199 2704 cum
1217 2669 1266 2711 Νς
1292 2679 1326 2712 p.
1347 2671 1400 2709 31,
1422 2671 1461 2703 18
1479 2668 1625 2714 πρέμνα
1645 2678 1724 2702 cum
1742 2668 1807 2702 VR

147 2728 182 2758 et
207 2725 421 2771 συλλέγουσι
447 2735 525 2759 eum
542 2724 656 2768 NVC3
683 2727 736 2765 34,
763 2727 781 2759 8
808 2728 979 2770 πανταχῆ
1005 2736 1083 2760 cum
1102 2725 1127 2759 C
1153 2729 1188 2759 et
1211 2725 1299 2767 τοὺς
1323 2724 1511 2765 ἰοτδαίους
1536 2721 1702 2760 ἔκτεινον
1727 2734 1806 2758 cum

146 2780 292 2823 LVRC3
329 2784 383 2823 35,
401 2784 420 2814 3
447 2787 526 2822 τοῖς
549 2777 758 2825 νεωκόροις
780 2778 950 2817 ἐκέλευσε
975 2792 1053 2815 cum
1077 2781 1183 2816 LRC.
1299 2784 1332 2822 7)
1357 2779 1437 2814 uide
1460 2791 1494 2824 p.
1522 2781 1574 2816 85,
1602 2782 1663 2823 20;
1689 2783 1742 2822 95,
1768 2783 1806 2822 83

150 2838 208 2879 143
238 2839 312 2878 144,
341 2839 370 2871 1.
410 2847 445 2880 p.
473 2839 526 2878 85,
553 2838 595 2870 20
621 2846 719 2870 error
744 2836 970 2880 corrigendus
995 2841 1063 2876 est;
1090 2847 1171 2872 nam
1188 2836 1338 2871 Latinus
1365 2837 1452 2870 haec
1476 2835 1554 2870 dat:
1581 2846 1694 2881 neque
1718 2846 1805 2870 uero

148 2891 208 2925 uel
230 2891 409 2926 secundae
432 2902 491 2925 res
515 2892 573 2925 uel
596 2892 813 2927 contrariae.
909 2896 941 2935 8)
965 2893 1045 2927 uide
1068 2904 1103 2937 p.
1129 2897 1146 2927 7
1153 2896 1184 2936 8,
1201 2896 1255 2927 20.
