2018 3236
132 446 208 484 174

128 649 205 687 175

123 1257 200 1296 178

123 1394 200 1433 179

122 1460 199 1501 180

242 127 321 163 298
612 125 678 159 DE
703 125 860 175 BELLo
885 125 981 160 IUD.
1007 126 1059 160 111
1086 129 1260 162 173—180
1285 129 1344 169 (vn
1373 133 1424 161 ιο.
1453 131 1505 169 11)

241 239 437 295 φάκτους
460 232 693 291 πήξασθαι
716 236 924 286 κελεύσας
947 236 1196 290 ἐμπετάσαι
1216 256 1263 282 τε
1294 239 1461 294 βύρσας
1491 241 1726 294 νεοδορους
1755 246 1885 295 βοῶν,

240 303 299 355 (ὗς
323 304 605 356 ἀναδέχοιντο
627 303 705 355 μὲν
727 304 829 354 τοὺς
851 303 941 345 ἀπὸ
963 309 1050 346 τιῦν
1072 305 1356 361 πετροβόλων
1384 308 1542 357 λίθους
1573 307 1884 361 κολπούμεναι,

241 369 587 426 περιολισθάνοι
627 370 674 412 δὲ
709 369 793 412 ἀπ’
828 370 968 413 αὐτῶν
1001 373 1073 414 καὶ
1104 372 1158 414 τὰ
1188 373 1324 415 λοιπὰ
1354 376 1460 431 βέλη
1493 376 1567 417 καὶ
1597 375 1646 416 τὸ
1678 373 1883 429 πῦρῦπὸ

239 444 317 493 τῆς
340 437 526 489 ἰκμάδος
549 436 755 491 εἴργοιτο,
785 443 1109 494 προανίστησιν
1131 445 1217 482 τῶν
1245 440 1474 483 τεκτόνων.
1525 439 1606 498 ὑφ)
1641 440 1709 492 οἷς
1740 439 1887 498 ἀσφα-

239 507 325 554 λιῦς
363 503 649 558 ἐργαζόμενοι
689 503 751 546 δι’
794 503 957 561 ἧμέρας
986 523 1033 548 τε
1066 508 1140 548 καὶ
1171 507 1325 557 νυκτὸς
1356 507 1403 550 τὸ
1435 516 1580 561 τεῖχος
1612 508 1790 563 ἤγειραν
1822 509 1887 560 εἰς

240 573 383 614 εἴκοσι
423 571 579 627 πήχεις
617 571 665 613 τὸ
706 567 844 626 ὕψος,
884 575 958 615 καὶ
999 574 1180 625 συχνοὺς
1209 576 1289 627 μὲν
1319 573 1515 628 πύργους
1547 575 1885 631 ἐνῳκοδόμησαν

238 637 375 694 αὐτῷ,
415 638 629 694 καρτερὰν
670 640 717 682 δὲ
758 639 941 692 ἔπαλξιν
981 640 1308 696 ἐφηρμόσαντο.
1366 647 1494 683 τοῦτο
1533 650 1625 692 τοῖς
1657 639 1887 696 Ῥωμαίοις

237 704 320 760 ἤδη
360 710 437 762 τῆς
475 706 650 756 πόλεως
681 706 802 755 ἐντὸς
835 706 1059 760 οἰομένοις
1090 705 1205 750 εἶναι
1234 708 1401 764 πολλὴν
1431 709 1640 764 ἐποίησεν
1672 708 1885 763 ἀθυμίαν,

236 774 308 814 καὶ
347 772 464 827 πρός
501 790 548 815 τε
588 773 664 830 τὴν
704 773 906 816 ἐπίνοιαν
945 779 1022 816 τοῦ
1052 774 1262 830 Ἰωσήπου
1302 777 1375 818 καὶ
1413 776 1464 818 τὸ
1498 777 1768 833 παράστημα
1798 783 1885 819 τῶν

236 839 309 881 ἐπὶ
342 845 421 894 τῆς
452 840 627 890 πόλεως
659 841 1011 898 κατεπλάγησαν.

351 911 415 950 11.
460 906 800 958 Οὐεσπασιανὸς
842 910 888 951 δὲ
922 912 994 952 καὶ
1027 910 1140 964 πρὸς
1170 910 1219 952 τὸ
1251 915 1501 965 πανοῦργον
1531 916 1608 953 τοῦ
1640 911 1886 967 στρατηγή-

234 990 373 1025 ματος
399 976 472 1016 naz
501 974 615 1030 πρὸς
645 976 725 1026 τὰς
755 976 920 1029 τόλμας
949 978 1233 1031 παρωξύνετο
1265 983 1351 1020 τῶν
1370 978 1718 1034 Ἰωταπατηνῶν·
1749 978 1884 1021 πάλιν

233 1041 312 1094 γὰρ
353 1038 746 1097 ἀναθαρσήσαντες
784 1043 860 1086 ἐπὶ
900 1049 960 1100 τῷ
1000 1051 1211 1101 τειχισμῷ
1247 1054 1342 1096 τοῖς
1368 1044 1596 1098 Ῥωμαίοις
1626 1045 1881 1099 ἐπεξέθεον,

234 1110 307 1149 καὶ
353 1108 461 1150 καθ’
507 1108 672 1165 ἡμέραν
715 1105 913 1164 ’ἐγίνοντο
962 1115 1214 1164 συμπλοκαὶ
1259 1114 1370 1155 κατὰ
1415 1115 1569 1165 λόχους
1613 1113 1793 1157 ἐπίνοιά
1835 1130 1882 1156 τε

232 1176 444 1234 λῃστρικὴ
487 1182 613 1219 πᾶσα
656 1180 728 1219 καὶ
767 1184 852 1219 τῶν
892 1180 1228 1232 προστυχόντων
1268 1179 1464 1235 ἁρπαγαὶ
1506 1183 1578 1223 καὶ
1617 1185 1701 1223 τῶν
1741 1180 1881 1222 ἄλλων

233 1260 370 1298 εργων
409 1240 736 1300 πυρπολησεις,
779 1245 863 1296 ε’ως
900 1245 1240 1298 Ουεσπασιανὸς
1276 1247 1536 1298 ἀναπαύσας
1566 1248 1641 1304 τὴν
1675 1247 1882 1302 στρατιὰν

229 1328 370 1368 μαχης
393 1312 548 1366 διέγνω
570 1313 996 1367 προσκαθεζόμενος
1028 1315 1190 1357 σπάνει
1219 1332 1303 1357 των
1335 1316 1601 1371 επιτηδείων
1634 1315 1775 1370 αἱρεῖν
1806 1315 1882 1370 τὴν

232 1379 386 1420 πόλιν·
425 1377 453 1434 ἡ
489 1397 572 1435 γαρ
612 1377 992 1435 ἀναγκαζομένους
1030 1391 1128 1432 ταῖς
1168 1381 1380 1436 απορίαις
1421 1382 1662 1425 ικετείσειν
1695 1378 1826 1424 αὐτὸν
1855 1378 1881 1436 ἢ

230 1450 358 1501 μέχρι
388 1447 556 1497 παντὸς
587 1443 1044 1501 ἀπαυθαδισαμένους
1077 1450 1485 1505 διαφθαρησεσθαι
1515 1451 1640 1505 λιμῶ.
1689 1448 1805 1491 πολύ
1835 1465 1881 1491 τε

231 1513 385 1569 ῥᾴοσιν
407 1510 557 1565 αὐτοῖς
577 1514 701 1569 ἠξίου
720 1516 976 1571 χρήσεσθαι
996 1516 1107 1558 κατὰ
1133 1517 1210 1572 την
1241 1518 1395 1573 μάχην,
1429 1518 1469 1560 εἰ
1501 1518 1715 1561 διαλιπὼν
1745 1508 1882 1566 αὖθις

342 1659 877 1704 PAMLVRCLatHegesippus
901 1661 955 1694 III
983 1665 1021 1694 1⁰
1046 1673 1081 1705 p.
1110 1665 1183 1696 188.
1221 1659 1310 1697 Exc.
1338 1663 1524 1697 Poliorcet.

345 1718 357 1748 1
386 1728 455 1760 πης
444 1718 574 1751 ασθαι
600 1726 691 1750 eolr.
718 1727 760 1750 ex
785 1730 903 1762 πηςαι
907 1731 940 1753 τι
956 1718 988 1752 V
1056 1716 1260 1754 ἐκπετάσαι
1284 1718 1321 1751 Μ
1346 1731 1547 1754 ενπετασαι
1573 1719 1651 1752 Exc
1719 1716 1880 1765 βύρσαισ

229 1769 322 1804 VRC
449 1768 652 1817 νεοδόρους
683 1775 801 1818 βοῶν]
831 1776 939 1819 βοῶν
963 1773 1163 1818 νεοδέρουσ
1187 1774 1209 1807 i.
1235 1783 1304 1809 ras,
1329 1774 1454 1809 litteris
1480 1778 1513 1808 et
1537 1774 1668 1819 pressis
1693 1776 1728 1808 et
1751 1774 1878 1808 abbre-

228 1825 333 1860 uiatis
365 1827 538 1870 scriptum
570 1837 664 1861 man.
700 1831 736 1871 23
770 1840 879 1863 unum
910 1833 937 1875 β
967 1829 1132 1872 antiquae
1163 1839 1289 1864 manus
1313 1831 1367 1863 est
1390 1830 1420 1863 L
1558 1827 1772 1875 νεοδόρους]
1798 1821 1879 1866 νεο-

228 1881 360 1926 δέρουσ
384 1882 447 1916 ΡΑ
472 1881 670 1929 νεοδόροισ
694 1884 799 1926 VRC,
825 1895 892 1919 om.
911 1884 1110 1919 L¹ExcLat
1180 1886 1198 1917 2
1224 1881 1480 1930 ἀναδέχοιντο]
1508 1883 1553 1921 ἂν
1577 1883 1821 1930 ἀναδέχοιντο
1847 1886 1876 1920 L

227 1934 275 1973 ἄν
299 1938 467 1983 δέχοιντο
493 1940 666 1974 VRCExc
690 1940 772 1975 fort.
798 1944 893 1975 reete
1001 1943 1019 1974 3
1045 1942 1341 1987 περιολισθαίνοι
1367 1941 1399 1975 V
1499 1936 1534 1976 δ’
1560 1940 1638 1975 Exc
1721 1943 1783 1976 καὶ
1808 1951 1877 1976 om.

226 1993 427 2029 AMLVRC
438 1995 595 2030 ExcLat
669 2000 689 2030 4
707 1994 870 2043 εἴργοιτο
885 1996 966 2030 AL2
983 2001 1126 2043 ἰ’ργοιτο
1145 1996 1222 2030 Exc
1241 1997 1485 2042 &assuesceret
1502 1997 1571 2031 Lat
1651 1999 1877 2042 προανίστη-

228 2062 287 2084 σιν
311 2069 353 2075 -—
379 2047 446 2093 οἷς]
480 2051 606 2096 hisque
637 2057 720 2087 ante
748 2053 880 2097 fabros
905 2053 1082 2098 oppositis
1105 2053 1160 2087 ille·
1182 2053 1252 2087 Lat
1386 2048 1464 2098 ὑφ’]
1488 2050 1549 2098 ἐφ’
1577 2052 1671 2087 VRC
1810 2049 1876 2095 οἷς]

226 2099 273 2149 ἧσ
290 2105 318 2139 Ρ
432 2105 613 2152 ἀσφαλῶς
637 2119 704 2142 om.
723 2108 795 2142 Lat
910 2113 927 2143 5
953 2105 1155 2155 οἶνήγειραν
1178 2109 1210 2143 V
1324 2112 1344 2143 6
1369 2104 1659 2155 άνοκοδόμησαν
1681 2109 1708 2142 P
1734 2109 1878 2146 οἷνωκο-

226 2160 395 2207 δόμησαν
418 2163 482 2197 AL
507 2162 804 2210 ἐνοικοδόμησαν
827 2165 875 2199 R¹
968 2168 985 2198 7
1012 2165 1062 2206 δὲ]
1095 2178 1135 2201 τε
1159 2165 1332 2199 VRGExc
1424 2162 1698 2212 ἐφηρμιόσαντο
1724 2166 1787 2200 PA

227 2221 246 2252 8
273 2219 477 2264 οἰομένοισ,
502 2233 524 2256 σ
549 2231 578 2255 s.
605 2222 636 2255 A
660 2221 861 2266 οἰομένουσ
884 2222 964 2257 L¹R
1038 2219 1258 2267 ἐνεποίησεν
1274 2221 1448 2255 Destinon
1519 2225 1538 2256 9
1557 2219 1746 2258 ἀπόνοιαν
1761 2222 1808 2256 L¹

230 2311 270 2343 12
295 2279 524 2345 ἰωταπατηαξν
548 2310 574 2344 C
712 2312 836 2352 πάλιν]
869 2305 984 2347 πάλαι
1008 2311 1104 2345 VRC
1243 2313 1281 2345 13
1313 2306 1653 2358 οἷναθαρρήσαντεσ
1678 2311 1785 2347 CExc

229 2368 269 2399 14
293 2364 485 2411 ἐγείνοντο
510 2367 588 2401 Exc
679 2364 789 2409 κατὰ]
813 2369 876 2402 καὶ
899 2366 996 2403 κατὰ
1020 2366 1146 2401 LVRG
1252 2370 1291 2401 16
1310 2364 1430 2412 ἔργων
1454 2377 1520 2401 om.
1547 2367 1617 2401 Lat
1708 2365 1874 2404 ἀναπαύ-

226 2425 367 2456 σασθαι
404 2422 497 2456 PAL
636 2436 837 2468 στρατειαν
872 2423 949 2458 Exc
1088 2426 1127 2457 17
1171 2423 1312 2468 διέγνω]
1355 2423 1484 2468 διέγνω
1505 2443 1514 2449 -
1535 2426 1597 2460 καὶ
1633 2425 1708 2465 (καὶ
1744 2423 1873 2467 suppl.,

226 2486 315 2512 eras.
340 2477 410 2512 uid.
438 2480 473 2519 σ)
497 2478 530 2511 Α
667 2479 796 2525 διέγνω
823 2501 861 2504 -—
889 2476 954 2521 τὴν
981 2476 1103 2521 πόλιν]
1128 2477 1247 2515 ένδεια
1273 2482 1348 2515 τῶν
1372 2478 1589 2525 ἐπιτηδειων
1613 2480 1732 2524 αἴρειν
1756 2479 1810 2521 (αἰ
1830 2489 1874 2512 ex

227 2531 264 2567 αἱ
297 2536 399 2575 corr.)
433 2547 529 2579 εγνω
561 2535 639 2569 Exc
776 2535 907 2582 αἱρεῖν]
942 2532 1110 2582 οἷναιρεῖν
1139 2534 1249 2568 PAL¹
1387 2538 1425 2570 18
1457 2536 1874 2582 ηπαραναγκαζομενοσ

225 2588 304 2622 Exc
395 2595 476 2630 ταῖς
499 2586 687 2637 ἀπορίαις]
712 2590 883 2625 PALExc
900 2594 977 2627 τῶν
993 2587 1211 2637 α’ναγκαίων
1235 2587 1379 2637 ἀπορία
1397 2591 1469 2626 MV
1490 2588 1635 2639 οἷπορία
1660 2595 1737 2627 τῶν
1761 2586 1872 2635 ἄναγ-

225 2645 342 2679 καίων
366 2645 427 2678 RG
456 2646 579 2690 inopia
609 2646 679 2681 cibe·
701 2646 770 2680 Lat
905 2645 1080 2684 ἱκετεύειν
1104 2646 1388 2681 PAMVRCExo
1418 2648 1690 2694 supplicaturos
1711 2647 1782 2681 Lat

227 2694 355 2741 αὐτὸν]
386 2699 456 2736 τὸν
481 2701 557 2736 Exc
675 2705 714 2736 19
744 2701 1119 2748 έπαυθαδισαμένουσ
1151 2706 1207 2744 (υσ
1230 2703 1251 2737 i.
1282 2712 1352 2737 ras.
1377 2703 1423 2746 R)
1452 2703 1512 2739 Rc
1543 2700 1870 2747 ἅπανθαδιασαμέ-

225 2767 316 2790 νουσ
332 2755 364 2790 V
455 2755 795 2804 διαφθαρήσεσθαι,
820 2774 840 2804 η
864 2759 886 2793 ι’.
912 2769 982 2794 ras.
1000 2759 1033 2794 V
1057 2758 1315 2794 consumendos
1331 2758 1401 2792 Lat
1493 2762 1533 2794 20
1560 2762 1679 2805 ραιῦσι
1702 2760 1779 2794 Exc

224 2805 343 2846 αὖτὸσ
373 2812 438 2846 VR
572 2812 786 2859 χρήσασθαι
811 2815 982 2849 PALExe
1012 2813 1223 2862 χρήσεσθαι
1253 2816 1347 2858 λιμῶ
1379 2817 1487 2858 (λιμῶ
1518 2815 1683 2858 deletum)
1708 2814 1734 2849 C

223 2865 422 2903 διαλειπὼν
445 2868 631 2905 PAC2Exe

1915 857 1951 889 10

1914 1192 1950 1225 15

1913 1530 1948 1562 20
