2018 3236
88 264 169 304 539

88 398 168 436 540

87 668 164 706 541

95 1809 173 1847 547

92 1942 172 1982 548

200 148 281 184 508
596 144 661 178 DE
687 141 845 178 BELLO
870 141 968 177 IUD.
993 141 1025 175 V
1050 142 1227 175 538—548
1252 142 1326 182 (xm
1352 140 1451 181 2—4)

200 260 301 310 τοὺς
327 258 562 312 Ῥωμαίους
583 255 739 298 ἐκάλει.
789 255 876 296 τῶν
899 253 945 295 δὲ
967 253 1009 296 οἷ
1030 252 1108 306 μὲν
1138 250 1462 311 ὑπερηφάνουν,
1486 252 1528 294 οἱ
1551 252 1597 294 δὲ
1626 247 1854 308 ἦπίστουν,

202 329 243 371 οἱ
282 327 441 369 πολλοὶ
483 324 528 365 δὲ
569 320 731 364 ὤκνουν
774 318 833 371 ῶς
871 320 982 375 μετὰ
1018 320 1173 376 μικρὸν
1221 317 1458 370 ἀκινδύνως
1497 320 1743 378 ληψόμενοι
1779 319 1856 375 τὴν

199 394 344 437 πόλιν.
406 391 449 433 ἐν
488 385 578 445 ὅσῳ
619 389 665 431 δὲ
701 392 830 438 Τίτος
868 384 975 442 μεθ’
1019 386 1216 431 ὁπλιτῶν
1257 388 1421 445 παρῄει
1458 387 1573 443 πρὸς
1609 387 1659 430 τὸ
1701 397 1855 440 τεῖχος,

200 461 318 517 ἔφθη
355 458 481 514 γνοὺς
512 455 532 499 ὁ
566 460 736 510 Σίμων,
777 457 848 498 καὶ
887 455 998 510 μετὰ
1037 454 1193 509 τάχους
1230 456 1306 498 τόν
1345 472 1392 498 τε
1427 456 1594 511 πύργον
1632 472 1856 511 προκατα-

200 527 414 581 λαμβάνει
444 527 515 568 καὶ
548 523 649 574 τοὺς
680 521 840 579 ἄνδρας
873 522 1098 578 συλλαβῶν
1121 523 1165 566 ἓν
1187 520 1295 578 ὄψει
1319 525 1406 566 τῶν
1431 520 1654 577 Ῥωμαίων
1687 519 1860 578 ἀναιρεῖ
1887 531 1906 563 5

197 597 269 637 καὶ
300 592 386 649 πρὸ
420 595 497 635 τοῦ
526 596 696 644 τείχους
729 590 1038 648 λωβησάμενος
1070 590 1226 646 ἔρριψε
1256 590 1311 633 τὰ
1344 590 1538 645 σώματα.

312 664 349 703 3.
382 655 476 702 Κάν
498 659 639 714 τούτῳ
664 657 851 712 περιιών
871 657 1093 715 Ἰώσηπος,
1126 654 1175 700 οὗ
1196 657 1278 714 γὰρ
1302 654 1415 701 άνίει
1436 658 1718 713 παρακαλῶν,
1749 656 1858 711 βάλ-

199 730 320 770 λεται
339 726 416 783 τὴν
438 726 630 783 κεφαλὴν
662 728 779 782 λίθῳ
801 728 871 768 καὶ
895 728 1163 783 παραχρῆμα
1194 730 1353 769 πίπτει
1383 729 1621 781 καρωθείς.
1672 722 1856 781 ἐκδρομὴ

199 796 245 838 δὲ
277 795 353 837 ἐπὶ
381 794 429 836 τὸ
464 796 627 848 πτῶμα
657 796 744 835 τῶν
770 789 995 837 Ἰουδαίων
1025 797 1212 849 γίνεται,
1250 787 1328 836 κᾶν
1360 793 1479 850 ἔφθη
1513 794 1658 848 συρεὶς
1689 792 1751 842 εἷς
1780 790 1858 847 τὴν

201 863 345 914 πόλιν,
379 862 416 905 εἰ
447 860 505 919 μὴ
537 864 702 915 ταχέως
728 865 904 916 Καῖσαρ
937 860 1114 916 ἔπεμψε
1143 860 1245 911 τοίς
1274 858 1672 916 ὑπερασπίζοντας.
1721 875 1858 914 μαχο-
1890 870 1925 902 10

197 933 338 984 μένων
362 929 408 972 δὲ
428 929 595 972 τούτων
618 926 639 972 ὁ
659 925 871 986 Ἰώσηπος
900 928 979 983 μὲν
1011 928 1184 984 αἴρεται
1204 927 1341 983 βραχύ
1362 945 1406 970 τι
1426 930 1512 970 τῶν
1543 929 1857 981 πραττομένων

199 997 381 1049 ἐπαΐων,
415 998 457 1039 οἱ
480 999 744 1040 στασιασταὶ
768 993 808 1038 δ’
836 996 895 1046 ῶς
917 991 1142 1047 ἀνελόντες
1168 995 1216 1039 ὃν
1239 995 1493 1049 ἐπεθύμουν
1523 995 1718 1049 μάλιστα
1747 992 1857 1048 μετὰ

197 1070 334 1120 χαρᾶς
373 1060 580 1119 ἀνεβόων.
642 1065 943 1120 διαγγέλλεταί
972 1080 1019 1106 τε
1050 1064 1112 1114 εἷς
1142 1063 1219 1120 τὴν
1259 1063 1412 1116 πόλιν,
1453 1065 1524 1106 καὶ
1565 1061 1614 1105 τὸ
1654 1062 1858 1104 καταλει-

199 1132 393 1186 πόμενον
425 1133 602 1188 πλῆθος
634 1132 815 1185 ἐπέσχεν
857 1127 1030 1209 ἀθυμία
1069 1148 1141 1174 πε
1141 1134 1393 1184 τεισιιὲνους
1433 1130 1641 1183 οἴχεσθαι
1670 1131 1732 1184 τῷ
1764 1125 1859 1171 ὄντι

202 1195 260 1242 δι
297 1198 346 1242 ὃν
379 1195 638 1254 αυτομολεῖν
678 1199 911 1254 ἐθάρρουν.
973 1194 1198 1241 ἀκούσασα
1230 1198 1276 1240 δὲ
1310 1195 1331 1253 ἦ
1364 1200 1441 1240 τοῦ
1468 1193 1683 1255 Ιωσήπου
1718 1196 1858 1275 μήτηρ
1890 1206 1927 1238 15

199 1266 242 1309 ἓν
263 1270 325 1322 τῷ
357 1267 642 1343 δεσμωτηρίῳ
673 1267 887 1309 τεθνάναι
917 1265 993 1309 τὸν
1025 1266 1131 1317 υἱόν,
1164 1265 1276 1321 πρὸς
1297 1265 1376 1319 μὲν
1405 1281 1506 1315 τοις
1537 1264 1736 1321 φύλακας
1767 1259 1856 1306 άπὸ

196 1330 476 1377 Ιωταπάτων
507 1351 635 1377 τουτο
669 1334 752 1391 ε’φη
786 1337 1060 1377 πεπεῖσθαι·
1092 1335 1165 1377 καὶ
1186 1350 1268 1389 γαρ
1291 1328 1437 1375 ουδὲ
1414 1335 1572 1384 ,ῶντος
1594 1329 1858 1374 άπολαυειν·

204 1401 296 1459 ἰδίᾳ
322 1403 368 1445 δὲ
390 1399 692 1459 ολοφυρομένη
726 1401 839 1459 πρὸς
869 1402 949 1451 τὰς
979 1401 1308 1457 θεραπαινίδας
1338 1402 1492 1442 τοῦτον
1525 1400 1753 1456 εἰληφέναι
1783 1401 1860 1455 τῆς

202 1465 420 1520 ειτεκνίας
452 1470 568 1524 ε’λεγε
598 1468 768 1524 καρπὸν
799 1469 847 1512 τὸ
880 1470 990 1526 μηδὲ
1030 1469 1186 1524 θάψαι
1221 1468 1298 1511 τὸν
1329 1467 1436 1520 υἱόν,
1469 1463 1546 1524 ὑφ
1584 1470 1632 1509 οὑ
1663 1465 1860 1523 ταφήσε-

203 1540 315 1579 σθαι
357 1537 693 1593 προσεδόκησεν.
756 1533 866 1579 ἀλλὰ
906 1554 987 1592 γαρ
1028 1553 1128 1579 ουτε
1166 1553 1328 1593 ταυτην
1359 1552 1391 1577 ε
1388 1537 1434 1578 τὶ
1468 1536 1602 1577 πλέον
1634 1529 1778 1576 ὠδυνα
1807 1531 1856 1575 τὸ
1889 1543 1926 1576 20

204 1604 367 1659 ψεῦδος
399 1601 497 1646 οὔτε
526 1603 627 1653 τοὺς
659 1603 821 1660 λῃστὰς
852 1604 1047 1646 ἔθαλπε·
1079 1606 1244 1656 ταχέως
1273 1602 1355 1658 γάρ
1378 1602 1422 1645 ἐκ
1453 1605 1528 1659 τῆς
1559 1603 1726 1658 πληγῆς
1757 1597 1860 1658 ἆνή-

203 1687 345 1726 νεγκεν
377 1669 398 1713 ὁ
426 1666 659 1727 Ἰώσηπος,
699 1673 771 1713 καὶ
802 1671 1041 1726 προελθών
1080 1671 1181 1720 τοὺς
1219 1671 1298 1724 μὲν
1338 1669 1412 1712 οὐκ
1443 1669 1505 1719 εἷς
1543 1667 1713 1723 μακράν
1753 1664 1860 1722 ἐβόα

205 1738 329 1787 δίκας
361 1734 479 1793 αὐτῷ
511 1738 667 1780 δώσειν
698 1741 775 1780 τοῦ
805 1738 1066 1794 τραύματος,
1097 1737 1174 1780 τὸν
1197 1738 1242 1780 δὲ
1265 1738 1401 1794 δῆμον
1433 1736 1507 1778 ἐπὶ
1539 1740 1692 1778 πίστιν
1723 1734 1859 1777 πάλιν

206 1806 511 1861 προυκαλεῖτο.
571 1805 744 1859 θάρσος
776 1806 821 1848 δὲ
851 1808 913 1860 τῷ
955 1807 1046 1860 λαῷ
1084 1808 1156 1848 καὶ
1194 1814 1288 1854 τοῖς
1328 1812 1617 1852 στασιασταῖς
1656 1801 1860 1858 ’ἔκπληξις

205 1871 420 1926 ἐμπίπτει
451 1871 565 1926 πρὸς
594 1872 671 1930 την
703 1869 812 1927 ὄψιν
845 1870 990 1914 αὐτοῦ.
1890 1878 1926 1910 25

317 1945 355 1982 4.
402 1942 498 1982 Τῶν
531 1935 571 1981 δ’
609 1936 864 1993 αὐτομόλων
906 1941 948 1982 οἱ
987 1939 1066 1993 μὲν
1104 1935 1184 1981 ὑπ’
1222 1934 1408 1994 ἀνάγκης
1447 1933 1535 1979 ἀπὸ
1576 1939 1654 1978 τοῦ
1691 1940 1858 1989 τείχους

319 2150 860 2197 PAMLVRCLatHegesippus
885 2152 917 2186 V
944 2154 985 2185 23
1011 2162 1045 2195 p.
1071 2153 1149 2186 329.
1189 2150 1347 2184 Zonaras
1371 2149 1387 2182 I
1410 2159 1445 2193 p.
1466 2151 1542 2182 534.

321 2221 332 2251 1
362 2214 398 2253 δ’
425 2218 461 2254 οὶ
485 2219 514 2252 L
608 2217 642 2254 δ’
670 2215 854 2264 ἠπίστουν
879 2219 940 2253 RC
967 2218 1005 2255 δὲ
1030 2219 1246 2264 διηπίστουν
1270 2217 1299 2250 L
1393 2219 1411 2250 2
1437 2211 1470 2251 δ’
1496 2212 1641 2251 α’)’κνουν
1667 2216 1693 2249 O
1796 2213 1859 2258 ὡς]

203 2266 301 2309 ὥστε
326 2274 359 2309 R
450 2278 468 2307 3
494 2273 590 2319 μετὰ
616 2277 693 2310 τῶν
720 2271 884 2311 ὁπλιτῶν
909 2285 952 2309 ex
979 2275 1054 2309 cod.
1081 2274 1185 2309 Voss.
1212 2272 1366 2308 Dindorf
1479 2275 1499 2305 4
1524 2269 1677 2316 τάχουσ,
1703 2286 1746 2308 ου
1771 2282 1814 2307 ex
1839 2286 1859 2308 ο

206 2339 296 2364 corr.
322 2330 352 2364 L
454 2335 471 2364 5
499 2331 773 2378 συλλαμβάνων
795 2331 859 2365 PA
974 2334 991 2364 7
1018 2331 1040 2366 i.
1069 2340 1179 2373 marg.
1205 2326 1262 2365 λε’
1290 2329 1316 2364 C
1430 2324 1616 2374 Ἰώσηπος]
1643 2324 1663 2364 ὃ
1689 2327 1861 2374 ιώσηποσ

204 2385 280 2428 (sic)
304 2387 334 2420 L
439 2382 545 2432 α’νείη
569 2387 631 2422 PR
656 2383 740 2433 άνίη
765 2389 795 2421 Α
821 2383 924 2432 οἶνήει
949 2386 1013 2421 LV
1126 2388 1189 2422 καὶ
1214 2387 1448 2433 παρακαλῶν
1471 2384 1501 2418 L
1605 2387 1624 2418 9
1649 2380 1686 2419 δ’
1710 2384 1770 2419 LC

205 2445 258 2477 τῶ
283 2440 455 2486 πτώματι
480 2442 614 2478 MVRC
640 2443 720 2477 fort.
745 2443 877 2477 rectius
969 2439 1052 2483 κᾶν]
1077 2445 1139 2478 καὶ
1165 2441 1191 2476 C
1286 2445 1324 2476 10
1351 2438 1497 2486 ἔπεμψε
1520 2446 1660 2486 καῖσαρ
1684 2442 1729 2474 tr.
1756 2441 1794 2475 M

203 2495 535 2544 i·7154>a0nl00vzocg
553 2498 766 2533 Herwerden
838 2501 876 2533 11
896 2495 1042 2534 τούτων
1062 2508 1128 2532 om.
1143 2497 1173 2530 L
1243 2510 1277 2532 τι
1295 2506 1362 2531 om.
1376 2495 1543 2531 MLVRC
1616 2498 1655 2530 12
1673 2496 1712 2532 δὲ
1727 2495 1794 2531 VR

205 2548 391 2590 ἀνελόντα
408 2554 474 2588 VR
564 2551 672 2597 μετὰ,
698 2568 721 2589 α
747 2564 791 2588 ex
815 2567 833 2590 ε
859 2564 950 2588 corr.
976 2553 1048 2588 uid.
1072 2554 1105 2587 A
1207 2555 1245 2586 13
1269 2555 1322 2593 τε]
1348 2547 1385 2587 δ’
1410 2551 1470 2586 LO
1495 2555 1613 2587 autem
1636 2551 1706 2586 Lat
1797 2553 1860 2594 εἰς]

207 2621 308 2654 προσ
334 2610 360 2643 Ρ
429 2607 738 2653 καταλιπόμενον
762 2609 824 2642 PA
848 2607 1177 2652 καταλειπόμενον
1202 2607 1239 2643 δὲ
1256 2607 1286 2641 L
1359 2611 1398 2641 15
1424 2602 1458 2642 δ’
1477 2608 1503 2642 Ο
1577 2611 1614 2641 17
1640 2603 1750 2643 τοῦτ’
1767 2608 1794 2642 C

206 2661 390 2701 α’πολαύει
416 2665 441 2698 C
537 2668 576 2699 18
603 2660 636 2700 δ’
661 2665 721 2698 LC
813 2666 1072 2710 θεραπενίδασ
1097 2663 1122 2697 C
1214 2666 1328 2699 τοῦτο
1354 2664 1384 2698 L
1480 2667 1519 2698 19
1545 2660 1648 2709 ἔλεγε
1671 2674 1739 2698 om.
1762 2663 1792 2697 L

207 2723 248 2754 20
275 2718 568 2765 προσεδόκεισεν
593 2721 622 2754 L
723 2718 822 2761 οὔτε]
849 2717 933 2756 οὐδὲ
957 2720 1092 2754 PALat
1186 2714 1298 2755 ὀδύνα
1324 2716 1368 2754 τὸ
1395 2720 1422 2753 Ρ
1447 2715 1616 2756 ὠδύνατο
1643 2718 1668 2753 C
1693 2715 1860 2755 ω’δυνατο

207 2773 250 2811 τὸ
276 2775 310 2810 R
414 2778 453 2811 21
480 2770 694 2822 ἀνήνεγκεν]
722 2771 935 2821 α’νενεγκών
959 2776 997 2809 Μ
1103 2777 1144 2809 22
1170 2772 1397 2819 προσελθὼν
1420 2775 1490 2809 ML
1599 2777 1639 2808 23
1666 2775 1803 2816 πίστιν,
1828 2787 1864 2810 ιν

206 2842 249 2865 ex
273 2846 294 2877 η
320 2841 410 2866 corr.
436 2832 507 2867 uid.
534 2831 560 2864 P
665 2830 788 2871 πάλιν]
815 2842 883 2866 om.
908 2831 981 2874 Rc,
1004 2834 1086 2875 post
1110 2832 1227 2876 δῆμον
1251 2834 1296 2866 tr.
1322 2830 1351 2863 L
1456 2833 1497 2864 26
1523 2830 1561 2866 δὲ
1584 2830 1679 2865 VRC
1776 2827 1862 2874 ἐπή-

204 2890 279 2923 δων
304 2882 381 2924 α’πὸ
408 2889 475 2922 τοῦ
499 2889 650 2933 τείχουσ
675 2890 718 2921 tr.
748 2887 774 2921 C
