2039 3251
50 885 84 918 10

51 1222 87 1254 15

52 1559 93 1592 20

543 154 608 189 DE
634 155 792 190 BELLO
818 154 914 190 IUD.
940 155 956 188 I
988 158 1159 189 124-130
1185 158 1239 197 (VI
1268 162 1296 188 2.
1324 161 1355 196 3)
1721 155 1771 191 29

111 272 380 326 στερηθέντα
401 271 476 326 τῆς
496 267 607 311 κατὰ
627 268 677 311 τὸ
711 272 945 323 πρεσβεῖον
979 264 1094 323 αὐτῷ
1127 267 1432 324 προσηκούσης
1463 263 1607 325 ἀρχῆς.
1660 284 1772 322 προ-

110 337 438 387 κατασκευάσας
469 336 515 379 δὲ
547 332 836 392 ἀμφοτέρους,
870 336 1034 391 νύκτωρ
1068 332 1300 389 ιἰναλαρἰὺν
1330 334 1407 378 τὸν
1431 332 1442 347 ‘
1461 334 1647 389 Υρκανὸν
1680 331 1770 378 ἀπὸ

111 407 186 462 τῆς
219 404 392 454 πόλεως
424 401 744 459 ἀποδιδράσκει
773 406 844 447 καὶ
878 400 1070 459 συντόνῳ
1103 406 1217 460 φυγῇ
1246 402 1467 458 χριόμενος
1499 402 1560 453 εἷς
1590 402 1667 460 τὴν
1697 420 1775 445 κα-

114 474 324 528 λουμένην
354 476 529 525 Πέτραν
570 472 856 524 διασώζεται·
897 473 1123 526 βασίλειον
1156 471 1261 527 αὕτη
1293 473 1371 526 τῆς
1397 467 1610 525 Ἀραβίας
1642 471 1775 515 ἐστίν.

113 540 225 583 ἔνθα
265 543 327 596 τῷ
353 536 514 597 Ἁρέτα
551 539 627 583 τόν
654 537 856 595 Ὑρκανὸν
897 540 1139 594 ἐγχειρίσας
1177 541 1248 581 καὶ
1288 537 1432 580 πολλὰ
1472 539 1551 592 μὲν
1581 542 1775 593 καθομι-

115 608 270 661 λήσας,
312 609 497 658 πολλοῖς
539 608 585 650 δὲ
626 608 785 663 δώροις
824 605 1037 649 ’ὑπελθών
1069 607 1221 648 δοῦναι
1253 605 1436 658 δύναμιν
1470 604 1588 661 αὐτῷ
1620 610 1778 649 πείθει

113 675 188 730 τὴν
228 671 503 726 κατάξουσαν
545 672 698 718 αὐτόν·
738 667 790 731 ἦν
831 674 873 717 δ’
917 671 1021 731 αῦτη
1064 673 1208 724 πεζῶν
1246 689 1293 715 τε
1331 675 1403 715 καὶ
1439 674 1614 717 ἱππέων
1647 678 1779 718 πέντε·

114 740 344 797 μυριάδες,
382 743 496 799 πρὸς
526 743 576 801 ἢν
609 740 684 786 οῦκ
716 739 919 795 ἀντέσχεν
945 738 1299 794 ’4ριστόβουλος,
1332 736 1429 782 ἀλλ’
1466 740 1509 783 ἐν
1540 745 1593 798 τῇ
1624 743 1777 799 πρώτη

116 813 313 867 συμβολῇ
353 813 559 868 λειφθεὶς
599 811 662 861 εἰς
697 809 974 866 Ἱεροσόλυμα
1015 807 1337 850 συνελαύνεται.
1388 801 1466 849 κᾶν
1507 809 1627 866 ἔφθη
1668 811 1779 852 κατὰ

113 879 271 934 κράτος
312 880 524 936 ληφθείς,
566 879 604 921 εἰ
634 877 691 934 μὴ
725 880 918 932 Σκαῦρος
949 874 970 919 ὅ
999 873 1223 930 Ῥωμαίων
1255 874 1495 931 στρατηγὸς
1527 876 1782 927 ἐπαναστὰς

118 943 260 988 αὐτῶν
303 955 397 996 τοῖς
441 956 610 1002 καιροῖς
650 947 774 988 ἔλυσε
811 944 887 1002 τὴν
927 945 1211 999 πολιορκίαν·
1258 942 1307 993 ὃς
1346 942 1560 1001 ἐπέμφθη
1600 945 1679 998 μὲν
1719 945 1782 995 εἰς

117 1018 280 1068 Συρίαν
320 1009 410 1056 ἆπὸ
440 1009 675 1067 Ἀρμενίας
712 1009 800 1054 ῦπὸ
834 1015 1078 1068 Πομπηίου
1112 1010 1299 1066 Μάγνου
1338 1012 1638 1065 πολεμοῦντος
1668 1012 1782 1067 πρὸς

123 1081 360 1138 Τιγράνην,
399 1079 755 1136 παραγενόμενος
795 1079 841 1121 δὲ
872 1084 932 1129 εἰς
961 1078 1204 1132 Δαμασκὸν
1235 1078 1477 1121 ἑαλωκυῖαν
1508 1080 1784 1136 προσφάτως

118 1147 205 1192 ὑπὸ
247 1149 478 1191 ,Μετέλλου
516 1149 588 1190 καὶ
618 1148 820 1189 Λολλίου
860 1148 931 1189 καὶ
971 1146 1153 1196 τούτους
1192 1146 1490 1204 μεταστήσας,
1532 1145 1685 1204 ἐπειδὴ
1727 1147 1783 1189 τὰ

118 1216 227 1259 κατὰ
258 1215 335 1274 τὴν
361 1213 575 1258 Ἰουδαίαν
607 1213 817 1267 ἐπύθετο,
849 1213 1061 1269 καθάπερ
1094 1212 1172 1270 ἐφ’
1207 1213 1390 1268 ἕρμαιον
1421 1210 1633 1272 ἠπείχθη.

233 1288 270 1328 3.
315 1282 634 1338 Παρελθόντος
677 1284 780 1337 γοῦν
825 1282 888 1332 εἷς
925 1281 1003 1340 τὴν
1040 1281 1186 1337 χώραν
1225 1285 1435 1336 πρέσβεις
1474 1277 1644 1332 εὐθέως
1681 1278 1784 1340 ἧκον

120 1351 243 1407 παρὰ
282 1353 367 1393 τῶν
406 1346 611 1407 ἀδελφῶν
650 1349 855 1406 ἑκατέρου
893 1350 1100 1404 δεομένου
1130 1353 1318 1407 βοηθεῖν
1352 1345 1483 1405 abug).
1541 1354 1708 1406 γίνεται
1739 1346 1781 1392 δ’

121 1417 403 1474 ἐπίπροσθεν
423 1419 502 1460 τοῦ
524 1418 696 1461 δικαίου
717 1417 772 1460 τὰ
795 1417 920 1474 παρὰ
938 1413 1283 1474 Ἀριστοβούλου
1306 1417 1540 1473 τριακόσια
1569 1418 1785 1461 τάλαντα·

120 1488 330 1529 τοσοῦτον
359 1484 441 1542 γὰρ
473 1485 620 1540 λαβὼν
650 1488 847 1541 Σκαῦρος
877 1484 1235 1542 ἐπικηρυκεύεται
1266 1485 1380 1540 πρός
1410 1502 1457 1527 τε
1483 1483 1684 1538 Ὑρκανὸν
1714 1488 1785 1528 καὶ

123 1549 434 1608 τοῦ-ς’Ἀραβας
465 1548 664 1596 ἀπειλῶν
684 1551 922 1608 Ῥωμαίους
952 1555 1023 1596 καὶ
1056 1553 1312 1609 Πομπήιον,
1345 1553 1383 1595 εἰ
1412 1551 1471 1611 μὴ
1503 1552 1680 1596 λύσειαν
1709 1553 1789 1611 τὴν

120 1621 395 1676 πολιορκίαν.
448 1616 655 1678 ἀνεχώρει
697 1621 744 1663 δὲ
785 1620 829 1663 ἐκ
858 1623 935 1677 τῆς
960 1617 1176 1671 Ἰουδαίας
1207 1621 1271 1671 εἷς
1305 1620 1636 1677 Φιλαδέλφειαν
1660 1617 1788 1676 {49³}-

122 1704 202 1738 τας
229 1689 542 1744 καταπλαγείς,
574 1690 647 1732 καὶ
679 1688 817 1732 πάλιν
849 1688 912 1739 εἷς
931 1687 1174 1743 Δαμασκὸν
1205 1690 1412 1742 Σκαῦρος.
1458 1683 1787 1744 Ἀριστοβούλῳ

126 1755 171 1797 δ’
195 1751 271 1798 οὐκ
292 1751 537 1813 ἀπέχρησεν
557 1755 606 1799 τὸ
628 1755 686 1812 μὴ
711 1754 891 1809 ἆλιῦναι,
924 1759 1075 1799 πᾶσαν
1098 1757 1145 1799 δὲ
1176 1756 1254 1814 τὴν
1286 1757 1469 1811 δύναμιν
1502 1755 1790 1806 ἐπισυλλέξας

236 1891 256 1933 ς·
286 1892 348 1924 125
374 1906 417 1917 =
441 1891 527 1925 Ant.
551 1890 629 1925 Iud.
654 1890 741 1925 XIV
769 1892 821 1925 16.

235 2015 773 2061 PAMLVRCLatHegesippus
798 2016 815 2049 Ι
843 2018 880 2050 13
906 2027 942 2060 p.
971 2018 1023 2050 19.

240 2075 254 2106 1
282 2069 327 2108 τὸ
353 2082 422 2107 om.
447 2071 575 2107 LVRC
668 2069 950 2119 προσηκούσησ,
973 2069 1116 2118 κοὺσησ
1140 2072 1164 2106 i.
1190 2081 1261 2106 ras.
1288 2082 1334 2106 m.
1361 2074 1380 2105 2
1406 2071 1432 2106 C
1515 2067 1643 2118 ἀρχῆς]
1669 2074 1790 2118 τιμῆσ,

125 2128 148 2164 i.
173 2137 284 2172 marg.
310 2124 432 2176 ἄρχῆσ
448 2128 481 2162 V
575 2131 594 2162 2
620 2125 701 2170 τὸν]
727 2139 755 2163 s.
777 2128 807 2162 L
832 2139 899 2164 om.
924 2128 992 2163 VR
1085 2123 1176 2170 ἀπὸ]
1201 2126 1244 2163 ἐκ
1267 2128 1376 2170 LVR,
1402 2138 1470 2163 om.
1497 2129 1524 2164 C
1617 2131 1637 2162 3
1662 2124 1791 2164 ἀποδι-

127 2182 278 2231 δράσκει
293 2187 357 2221 καὶ
374 2195 442 2220 om.
462 2184 500 2218 M
561 2186 625 2220 καὶ
642 2195 710 2219 om.
728 2185 792 2218 PA
854 2188 873 2219 5
898 2187 954 2233 τῷ
976 2182 1115 2234 Ἀρέτᾳ]
1140 2185 1174 2218 ei
1189 2184 1259 2218 Lat
1321 2180 1457 2230 α’ρέτα·
1473 2183 1498 2218 C
1562 2183 1791 2230 ἐγχειρίσασ,

127 2254 150 2287 γ
172 2241 197 2275 i.
221 2251 293 2276 ras.
318 2243 350 2275 A
420 2243 440 2275 6
465 2235 568 2276 αὐτῶ
585 2259 593 2266 ·
609 2243 715 2281 (eras.
740 2240 812 2276 uid.
837 2243 862 2283 ι)
887 2241 914 2275 Ρ
985 2245 1003 2275 7
1030 2240 1069 2277 δὲ
1092 2241 1192 2276 LVR
1263 2243 1282 2275 S
1305 2238 1493 2287 μυριάδασ
1517 2242 1558 2274 ut
1580 2240 1653 2275 uid.
1681 2241 1726 2275 Οι

129 2300 288 2365 οἷ’ἴέσχεν
310 2319 376 2353 LR
468 2321 487 2353 9
513 2321 689 2364 λειφθεὶς]
715 2321 875 2365 ληφθεὶσ
897 2319 931 2354 V
953 2323 1149 2366 superatus
1170 2320 1240 2354 Lat
1331 2319 1400 2354 litt.
1427 2318 1534 2361 εἰς-
1551 2322 1590 2352 10
1616 2332 1759 2366 στρατη
1788 2320 1792 2363 Ι

128 2375 152 2410 i.
178 2385 248 2410 ras.
272 2378 317 2409 44
340 2375 408 2409 litt.
433 2374 551 2415 (unius
575 2378 714 2416 uersus)
739 2375 768 2409 P
887 2373 961 2413 κᾶν
984 2387 1013 2411 s.
1037 2387 1084 2411 m.
1111 2379 1130 2410 2
1154 2376 1188 2410 R
1314 2378 1352 2409 10
1378 2377 1544 2421 ληφθεὶς]
1569 2379 1742 2421 λειφθεὶσ
1766 2377 1793 2411 Ρ

129 2435 257 2476 captus
279 2430 351 2465 Lat
479 2431 549 2466 litt.
582 2445 652 2478 γος
674 2429 892 2475 ἐπαναστὰς
917 2428 1043 2469 αὐτῶν
1065 2442 1095 2468 S.
1120 2432 1148 2466 P
1278 2435 1314 2465 11
1344 2426 1480 2473 αὐτῶν]
1506 2427 1610 2467 αὐτῶ
1633 2432 1667 2466 V

129 2484 276 2533 ἐπέφθη
300 2487 327 2522 C
439 2491 478 2522 12
503 2501 643 2533 πομπ*
663 2504 678 2520 *
700 2503 744 2525 ov
767 2489 797 2523 L
908 2493 950 2524 14
972 2486 1108 2535 ἐπειδὴ]
1133 2487 1215 2525 ἐπεὶ
1238 2490 1302 2524 καὶ
1326 2488 1388 2523 VC
1497 2484 1542 2524 τὰ
1570 2498 1598 2522 s.
1624 2488 1690 2523 LR

134 2545 172 2577 15
198 2541 358 2590 ἑρμαῖον
381 2544 496 2580 L²VR
564 2541 738 2590 ἠπείχθη,
761 2542 782 2591 ἢ
808 2546 833 2580 i.
858 2556 928 2582 ras.
952 2546 983 2580 L
1007 2544 1167 2591 ἐπείχθη
1190 2544 1286 2580 VRC
1360 2548 1398 2578 17
1424 2541 1542 2591 παρὰ]
1569 2547 1654 2590 περὶ
1679 2545 1727 2580 V¹

132 2597 235 2644 παρὰ
253 2619 297 2625 -—
314 2598 508 2644 δεομένου]
533 2613 556 2636 α
577 2602 760 2646 fratribus
784 2601 1198 2648 utroque—orantibus
1221 2600 1292 2635 Lat
1383 2599 1576 2647 ἑκατέρου]
1603 2596 1796 2649 ἑκατέρων

134 2652 294 2691 ἑκάστου
317 2656 449 2691 PAMC
563 2661 723 2704 βοηθεῖν
755 2652 859 2694 αὐτῶ
886 2655 1070 2703 δεομένου
1093 2661 1138 2693 tr.
1163 2657 1197 2692 V
1312 2657 1350 2693 δὲ
1372 2656 1472 2692 LVR
1591 2661 1629 2692 18
1654 2655 1701 2695 τὰ
1727 2669 1794 2695 om.

134 2709 232 2746 LVR
355 2709 569 2759 τριακόσια]
603 2710 833 2759 τετρακόσια
867 2713 894 2747 C
923 2718 964 2749 ut
987 2714 1072 2748 Ant.
1097 2713 1183 2747 XIV
1208 2716 1251 2748 30
1381 2715 1421 2746 19
1454 2716 1618 2750 τοσοῦτο
1646 2714 1672 2749 C

134 2760 310 2808 ἀπειλῶν]
343 2763 509 2804 ἀπειλῶν
531 2767 606 2816 γὰρ
631 2769 658 2803 C
774 2772 814 2804 21
842 2764 1059 2816 ἀνεχώρησε
1083 2769 1211 2805 LVRC
1326 2770 1376 2811 δὲ]
1401 2765 1436 2805 δ’
1462 2769 1488 2803 Ο
1513 2770 1635 2815 itaque
1659 2771 1730 2805 Lat
1754 2769 1794 2815 δὴ

1809 544 1890 584 126

1813 813 1891 853 127

1819 1287 1897 1326 128

1822 1624 1900 1663 129

1822 1695 1899 1734 130

136 2852 310 2889 Destinon
445 2859 692 2903 φιλαδελφίαν
721 2859 788 2894 LR,
819 2838 1088 2906 φιλαδέλφειιαν
1111 2860 1144 2894 V
1176 2861 1443 2905 φιλαδελφείαν
1468 2860 1545 2894 A¹C
1685 2863 1725 2895 23
1759 2861 1797 2896 δὲ
1835 2892 1837 2895 .

137 2907 308 2944 AMLVR
400 2909 553 2954 ἁλῶναι]
579 2913 772 2961 ἁλωθῆναι
797 2916 896 2950 LVR
987 2916 1037 2957 δὲ]
1063 2929 1104 2952 τε
1127 2915 1193 2951 LR
