2018 3236
157 288 208 327 69

157 489 206 527 70

240 171 319 207 444
695 167 761 206 DE
786 165 945 200 BELLO
970 164 1067 200 IUD.
1091 164 1124 199 v
1149 167 1280 199 68—76
1305 166 1341 207 (11
1369 171 1398 199 3.
1427 166 1458 206 4)

241 280 300 332 (ὗς
323 277 373 323 ἂν
396 275 651 333 ἀδεέστερον
680 281 959 330 τειχίσαιντο.
1010 279 1340 330 καταρχομένων
1363 271 1405 317 δ’
1434 272 1532 331 ἄρτι
1558 277 1635 333 τῆς
1665 275 1888 332 δομήσεως

238 350 310 391 καὶ
341 346 388 388 τὸ
424 346 603 387 δέκατον
633 344 778 399 τάγμα
810 342 883 386 διὰ
911 341 1187 398 Ἱεριχοῦντος
1226 339 1307 399 ἤδη
1339 345 1505 399 παρῆν,
1547 342 1659 385 ἔνθα
1688 342 1886 399 καθῆστό

238 431 305 463 τις
345 411 549 468 ὁπλιτικὴ
595 420 729 466 μοῖρα
776 412 1031 467 φρουροῦσα
1070 409 1148 464 τὴν
1192 409 1378 465 ἐμβολὴν
1415 407 1501 452 ὑπὸ
1551 405 1890 453 Οὐεσπασιανοῦ

238 480 684 535 προκατειλημμένην.
743 480 1065 531 προσετέτακτο
1098 473 1138 518 δ’
1175 473 1323 527 αὐτοῖς
1354 477 1399 527 ἓξ
1429 473 1674 530 ἀπέχοντας
1703 479 1790 519 τιῦν
1815 474 1890 520 Ἱε-

240 546 493 602 ροσολύμων
534 546 740 594 σταδίους
780 543 1253 599 στρατοπεδεύσασθαι
1292 543 1402 586 κατὰ
1440 543 1488 586 τὸ
1517 540 1696 587 Ἐλαιῶν
1733 544 1891 587 καλού-

238 630 368 668 μενον
399 611 520 667 ὄρος,
561 612 584 655 ὃ
615 615 669 668 τῇ
699 611 831 654 πόλει
872 610 985 666 πρὸς
1025 608 1239 667 ἀνατολὴν
1280 607 1519 655 ἀντίκειται
1557 615 1666 668 μέσῃ
1699 611 1892 667 φάραγγι

238 684 407 737 βαθείᾳ
439 680 747 736 διειργόμενον,
779 678 804 736 ἢ
836 678 1017 734 Κεδρὼν
1049 676 1317 732 ὠνόμασται.

354 752 393 789 4.
445 750 541 789 Τιῦν
589 742 629 788 δ’
675 742 757 788 ἆνὰ
803 745 851 788 τὸ
901 743 1007 788 ἄστυ
1054 749 1409 802 συρρηγνυμένων
1455 741 1753 795 ἀδιαλείπτως
1795 745 1895 788 τότε

240 817 417 870 πρῶτον
435 810 681 857 ἀνέπαυσεν
701 813 779 870 τὴν
801 809 874 855 ἐπ’
901 809 1107 868 ἀλλήλοις
1123 813 1213 868 ἔριν
1235 811 1256 855 ὁ
1281 813 1447 863 ἔξωθεν
1471 813 1666 867 πόλεμος
1687 812 1894 870 ἐξαίφνης

243 881 383 931 πολὺς
415 881 641 924 ἐπελθών·
672 883 743 923 καὶ
775 879 872 935 μετ’
899 880 1144 936 ἐκπλήξεως
1175 881 1216 923 οἱ
1239 883 1503 923 στασιασταὶ
1533 879 1634 930 τοὺς
1660 877 1896 934 Ῥωμαίους

243 945 496 1005 ἀφορῶντες
537 949 1022 1004 στρατοπεδευομένους
1058 950 1181 1005 τριχῆ
1211 950 1342 1004 κακῆς
1387 946 1596 1002 ὁμονοίας
1633 948 1894 1003 κατήρχοντο

242 1018 314 1058 καὶ
347 1016 473 1071 λόγον
507 1012 713 1073 ἀλλήλοις
745 1015 971 1067 ἐδίδοσαν,
1007 1019 1052 1057 τί
1081 1018 1254 1069 μένοιεν
1283 1008 1310 1071 ἢ
1341 1019 1385 1058 τί
1415 1015 1643 1064 παθόντες
1675 1010 1896 1067 ἀνέχοιντο

244 1087 345 1138 τρία
366 1092 463 1133 ταῖς
486 1079 731 1132 ἀναπνοαῖς
765 1078 906 1124 αὗτιῦν
940 1082 1306 1138 ἐπιφρασσόμενα
1337 1087 1467 1138 τείχη,
1499 1084 1571 1124 καὶ
1602 1084 1679 1124 τοῦ
1702 1083 1896 1136 πολέμου

242 1146 340 1204 μετ’
368 1145 519 1200 ἀδείας
552 1146 911 1201 ἀντιπολίζοντος
942 1149 1108 1202 ἑαυτόν,
1143 1151 1184 1193 οἷ
1207 1146 1248 1191 δ’
1277 1145 1428 1204 ὥσπερ
1458 1151 1623 1192 θεαταὶ
1653 1150 1796 1191 καλιῖν
1825 1150 1898 1191 καὶ

246 1217 486 1274 συμφόρων
518 1218 652 1273 ἔργων
683 1217 944 1268 καθέζοιντο
975 1218 1187 1274 τειχήρεις
1207 1216 1267 1259 τιὸ
1288 1226 1403 1271 χεῖρε
1431 1219 1504 1259 καὶ
1534 1215 1615 1266 τὰς
1645 1217 1899 1266 πανοπλίας

245 1288 480 1339 παρέντες,·
508 1281 644 1337 ,,καθ)
678 1283 820 1327 αὗτιῦν
852 1282 937 1340 ἄρα
967 1294 1160 1341 γενναῖοι
1189 1284 1323 1338 μόνον
1354 1281 1490 1341 ἡμεῖς,
1523 1283 1770 1340 ἐξεβόησαν,
1796 1280 1900 1326 Ῥω-

244 1361 371 1406 μαῖοι
394 1352 440 1394 δὲ
463 1352 507 1394 ἐκ
528 1355 603 1409 τῆς
624 1350 837 1408 ἡμετέρας
859 1352 1057 1402 στάσεως
1084 1352 1367 1408 κερδήσουσιν
1390 1348 1605 1405 ἀναιμωτὶ
1627 1350 1704 1407 τὴν
1725 1349 1902 1393 πόλιν.“

245 1419 417 1469 τούτοις
449 1416 735 1474 ἀθροίζοντες
766 1416 977 1477 ἀλλήλους
1008 1419 1318 1475 παρεκρότουν,
1351 1418 1525 1469 καὶτὰς
1545 1419 1801 1467 πανοπλίας
1823 1414 1901 1472 ἆρ-

246 1486 470 1536 πάσαντες
511 1487 748 1543 αἰφνιδίως
790 1486 1054 1530 ἐπεκθέουσι
1085 1492 1146 1542 τῷ
1180 1485 1345 1542 δεκάτῳ
1385 1486 1575 1542 τάγματι
1613 1487 1685 1528 καὶ
1723 1484 1796 1528 διὰ
1826 1488 1902 1541 τῆς

250 1553 474 1609 φάραγγος
506 1551 687 1611 ᾄξαντες
718 1553 828 1607 μετὰ
869 1557 1054 1610 κραυγῆς
1094 1554 1289 1604 ἐξαισίου
1327 1553 1637 1608 τειχιζομένοις
1668 1556 1904 1608 προσπίπ-

248 1636 373 1662 τουσι
410 1630 502 1670 τοῖς
541 1622 786 1674 πολεμίοις.
848 1622 890 1663 οἱ
931 1622 977 1663 δὲ
1016 1621 1130 1675 πρὸς
1171 1621 1219 1665 τὸ
1263 1621 1386 1677 ἔργον
1428 1622 1681 1678 διῃρημένοι
1718 1621 1790 1662 καὶ
1831 1618 1903 1662 διὰ

245 1689 375 1730 τοῦτο
406 1686 460 1729 τὰ
494 1687 638 1729 πολλὰ
676 1687 928 1737 τεθεικότες
957 1690 1044 1730 τῶν
1076 1684 1249 1740 ὅπλων,
1292 1685 1390 1730 οἵτε
1419 1687 1501 1743 γὰρ
1532 1687 1774 1744 θαρρήσειν
1804 1686 1906 1736 τοὺς

237 1749 475 1804 Ἰουδαίους
515 1754 628 1809 πρὸς
666 1753 875 1810 ἐκδρομὴν
907 1752 1218 1807 ὑπελάμβανον
1256 1757 1327 1798 καὶ
1359 1757 1739 1809 προθυμουμένων
1770 1769 1897 1808 περι-

360 1899 887 1943 PAMLVRCLatHegesippus
902 1900 932 1934 V
947 1903 1014 1943 41).
1032 1901 1108 1933 284.
1152 1899 1310 1933 Zonaras
1324 1899 1340 1932 Ι
1362 1910 1395 1943 p.
1412 1902 1488 1934 526.
1537 1900 1664 1934 Suidas
1686 1910 1713 1934 s.
1735 1902 1892 1935 καθεῖτο

246 1958 363 1999 ἄδεια.
412 1960 636 2002 πολεμίζειν.
681 1954 863 2001 ἁθροίζει.
903 1955 1178 2003 παρεκρότουν.
1226 1953 1449 1997 τεθεικότες.

364 2019 375 2049 1
399 2016 436 2052 δὲ
449 2015 516 2049 VR
609 2013 815 2059 δωμήσεωσ
828 2013 892 2046 AL
965 2016 983 2046 2
1003 2010 1095 2048 ἔνθα
1109 2033 1152 2037 —
1168 2015 1186 2046 3
1200 2009 1365 2058 ἐμβολὴν
1377 2012 1485 2046 habet
1498 2011 1623 2046 Suidas
1638 2021 1664 2045 s.
1680 2014 1837 2047 καθεῖτο

245 2070 394 2119 καθῆτό
412 2072 442 2105 L
459 2065 622 2107 καθεῖτό
640 2070 725 2104 Suid
795 2073 815 2104 4
840 2069 1132 2115 κατειλημμένην
1149 2068 1178 2102 L
1249 2068 1509 2113 προστέτακτο
1536 2067 1641 2102 MVR
1713 2067 1750 2103 δὲ
1775 2067 1840 2102 VR

246 2125 459 2174 άπέχοντεσ
482 2127 561 2161 ΡΑ1
585 2121 779 2171 οἷπέχοντα
804 2126 834 2159 L
935 2127 1114 2162 σταδίουσ
1138 2128 1213 2160 τῶν
1237 2120 1496 2171 Ξεροσολυμων
1519 2128 1564 2158 tr.
1590 2124 1619 2158 L
1722 2127 1738 2157 7
1764 2126 1904 2170 βαθεῖα

246 2185 315 2218 ΡΜ
407 2179 440 2228 ἢ]
465 2185 488 2228 ἦ
513 2183 539 2216 P
565 2177 586 2229 ἧ
612 2183 642 2216 Α
667 2179 739 2227 ἠἻῙ
829 2184 973 2228 κεδριῦν
989 2181 1078 2214 PAO
1171 2183 1189 2214 S
1214 2181 1237 2215 i.
1263 2190 1371 2223 marg.
1396 2177 1440 2215 θ’
1460 2180 1485 2214 C
1578 2180 1616 2216 δὲ
1632 2179 1699 2214 VR
1769 2182 1788 2213 9
1806 2181 1904 2225 πρῶ-

250 2252 321 2276 τοσ
346 2241 387 2273 ut
411 2239 482 2273 uid.
508 2239 537 2272 L
636 2241 674 2273 10
700 2237 844 2274 πολλύσ
863 2238 889 2272 O
983 2237 1018 2273 οὶ
1036 2257 1077 2261 -
1101 2240 1139 2271 14
1165 2234 1300 2273 ἑαυτόν
1317 2236 1425 2270 habet
1441 2236 1569 2271 Suidas
1586 2247 1615 2271 s.
1641 2232 1745 2271 ἄδεια
1768 2234 1906 2269 initium

246 2296 413 2331 breuians
505 2291 593 2336 τοὺς
617 2295 638 2328 i.
663 2304 774 2336 marg.
800 2294 913 2338 suppl.
939 2294 973 2328 R
1079 2297 1113 2327 11
1144 2291 1311 2339 ὁρῶντες
1336 2292 1419 2326 Suid
1525 2295 1564 2326 12
1590 2289 1612 2338 ἢ
1636 2302 1701 2326 om.
1728 2291 1815 2325 Suid

249 2350 453 2393 παθόντες]
479 2347 725 2387 πεπονθότεσ
741 2350 781 2384 Μ
857 2352 897 2384 13
923 2346 1251 2395 ἅποφρασσόμενα
1278 2348 1322 2381 P¹
1347 2344 1672 2393 οἷναφρασσόμενα
1696 2347 1816 2382 LSuid

247 2410 310 2444 καὶ
335 2428 376 2432 -
405 2411 444 2442 14
471 2404 607 2443 ἑαυτόν
631 2406 739 2440 habet
765 2405 892 2441 Suidas
917 2416 944 2441 S.
970 2407 1185 2450 πολεμίζειν
1289 2407 1351 2439 καὶ
1377 2414 1444 2438 om.
1470 2404 1499 2436 M
1593 2405 1776 2448 πολεμίου
1799 2403 1839 2437 Μ

250 2467 291 2499 14
314 2461 408 2508 μετὰ
436 2464 465 2498 L
557 2460 881 2506 ἀντιπολίζοντος]
908 2458 1271 2505 ἅντιπολεμίζοντοσ
1295 2459 1325 2493 L
1351 2459 1478 2494 Suidas
1511 2463 1662 2503 utroque
1685 2460 1763 2494 loco
1867 2459 1905 2495 δὲ

248 2519 343 2555 VRC
461 2522 499 2554 15
527 2522 733 2565 συμφορῶν
757 2518 817 2553 VC
908 2520 1126 2561 καθίζοιντο
1154 2516 1181 2549 L
1300 2518 1340 2550 16
1365 2513 1589 2562 ἐξεβόησαν,
1619 2527 1665 2561 ησ
1689 2525 1732 2550 ex
1757 2528 1811 2551 ων
1833 2515 1904 2550 uid.

251 2586 342 2610 corr.
370 2576 396 2609 P
420 2572 620 2622 ἐξεβόησεν
645 2587 704 2610 τισ
729 2574 832 2608 LLat
854 2573 936 2608 fort.
961 2575 1058 2607 reete
1162 2575 1200 2607 17
1228 2567 1267 2606 δ’
1293 2571 1319 2604 C
1436 2569 1665 2618 κερδήσωσιν
1688 2570 1818 2606 PAVR

249 2626 425 2675 οἷναιμοτὶ
449 2633 480 2665 Α
556 2634 592 2666 18
619 2627 1103 2677 τούτοις-παρεκρότουν
1119 2627 1226 2662 habet
1248 2627 1373 2661 Suidas
1445 2627 1601 2669 τούτους
1618 2627 1703 2661 Suid
1771 2624 1903 2672 ἀθροί.

250 2689 384 2731 ζοντεσ
408 2687 469 2721 VC
586 2683 781 2731 ἀλλήλους]
807 2685 899 2721 alios
922 2688 955 2719 et
980 2684 1073 2719 alios
1096 2683 1167 2718 Lat
1281 2680 1532 2730 ἁρπάσαντες]
1559 2677 1778 2720 σπάσαντεσ
1800 2682 1861 2717 VC

253 2745 293 2778 19
320 2743 512 2788 αἰφνιδίως
537 2753 606 2777 om.
632 2743 659 2776 P
800 2745 866 2791 τῷ]
892 2745 946 2778 τεῦ
970 2745 1008 2777 δε
1033 2742 1087 2776 τιῦ
1111 2739 1137 2774 C
1278 2742 1318 2773 20
1346 2736 1542 2786 φάρυγγοσ
1566 2738 1605 2772 Μ
1734 2734 1907 2781 ιῖΐξαντεσ

251 2798 449 2833 PAMVRC
475 2799 664 2840 δείξαντεσ
688 2799 718 2832 L
844 2801 884 2833 21
910 2798 1118 2842 πολεμίοις]
1143 2793 1333 2841 ῥωμαίοισ
1357 2795 1460 2829 LLat
1582 2793 1618 2830 οἳ
1642 2814 1685 2819 -
1710 2797 1752 2828 22
1778 2787 1906 2830 ὅπλων

252 2856 375 2889 extant
399 2853 493 2898 apud
517 2853 661 2887 Suidam
679 2864 706 2888 s.
725 2851 940 2895 τεθεικότες
1015 2855 1078 2888 καὶ
1102 2850 1159 2888 διὰ
1185 2854 1298 2887 τοῦτο
1324 2861 1390 2886 om.
1417 2850 1504 2885 Suid
1583 2847 1791 2896 τεθηκότεσ
1807 2849 1836 2884 L

250 2906 470 2956 θαρρήσειν]
496 2909 526 2942 L
551 2912 711 2955 θαρσεῖν
735 2908 933 2945 PAMVRC
957 2918 1110 2943 ausuros
1133 2917 1207 2942 esse
1230 2907 1301 2941 Lat

1928 891 1962 924 10

1930 1227 1966 1260 15

1933 1563 1970 1595 20
