2018 3236
175 476 224 515 35

173 609 224 648 3ss

173 809 223 847 37

174 943 225 984 38

175 1214 226 1253 39

256 157 335 195 576
620 155 686 205 DE
710 153 868 188 BELLO
892 153 990 189 IUD.
1017 153 1083 187 VII
1108 154 1237 187 34-41
1265 153 1301 195 (ιι
1328 158 1357 187 2.
1381 157 1417 183 111
1447 158 1473 186 1.
1500 156 1531 195 2)

255 275 422 325 μέτεισι
453 265 553 315 τοὺς
584 265 643 314 εἷς
685 261 817 319 αὐτὴν
855 263 1257 320 παρανομήσαντας
1294 265 1366 306 καὶ
1402 268 1533 319 χείρω
1571 263 1649 321 τὴν
1687 268 1901 320 τιμωρίαν

258 337 461 393 ἐπιφέρει
491 340 583 381 τοῖς
614 339 844 386 πονηροῖς,
886 325 953 373 ὅτι
984 332 1057 373 καὶ
1088 326 1419 388 προσεδόκησαν
1452 327 1584 386 αὐτῆς
1615 327 1904 388 ἀπηλλάχθαι

256 403 311 458 μη
354 403 601 455 παραυτίκα
639 399 945 447 κολασθέντες.
1006 396 1112 452 ἔγνω
1151 399 1280 440 τοῦτο
1322 399 1393 440 καὶ
1426 402 1574 452 Σίμων
1606 398 1668 449 εἷς
1698 399 1778 449 τὰς
1803 396 1903 441 Ῥω-

255 473 398 524 μαίων
429 464 559 521 ὀργὰς
590 464 805 518 ἐμπεσών.
863 462 888 522 ἡ
923 460 964 506 δ)
1001 465 1164 507 ἐκείνου
1203 466 1340 521 γῆθεν
1380 461 1537 515 ἄνοδος
1569 465 1682 508 πολὺ
1713 467 1787 508 καὶ
1816 468 1903 508 τῶν

259 533 399 578 ἄλλων
432 534 708 575 στασιαστῶν
731 532 908 588 πλῆθος
938 527 1017 573 ὑπ’
1055 530 1220 581 ἐκείνας
1250 530 1330 582 τὰς
1360 529 1523 588 ἡμέρας
1555 532 1597 576 έν
1619 542 1712 582 τοῖς
1742 529 1904 575 ὑπονό-

254 618 353 656 μοις
385 601 657 657 φωραθῆναι
687 598 1001 652 παρεσκεύασε.
1052 602 1247 653 Καίσαρι
1271 599 1317 641 δὲ
1339 599 1402 648 εἷς
1422 598 1499 655 τὴν
1524 599 1745 655 παράλιον
1769 598 1904 641 ἐπαν-

256 668 432 711 ελθόντι
465 666 739 721 Καισάρειαν
769 669 917 719 Σίμων
952 665 1187 723 προσήχθη
1222 666 1468 720 δεδεμένος·
1508 662 1703 709 κάκεῖνον
1733 666 1811 720 μὲν
1844 665 1906 716 εἷς

257 735 304 778 δν
323 734 538 777 ἐπιτελεῖν
561 731 750 789 ένῬώμῃ
775 733 1121 788 παρεσκευάζετο
1143 737 1368 788 θρίαμβον
1391 734 1633 787 προσέταξε
1655 733 1903 790 φυλάττειν.

367 804 442 845 ΙΙΙ.
482 807 517 844 1.
576 804 832 856 Διατρίβων
872 797 912 842 δ’
958 797 1119 843 αὐτόθι
1158 799 1236 857 τὴν
1274 796 1498 856 τάδελφοῦ
1535 802 1762 856 γενέθλιον
1801 799 1907 857 ἡμέ-

257 888 335 925 ραν
367 868 595 925 ἐπιφανῶς
626 868 832 923 ἑώρταζε,
865 867 979 910 πολὺ
1010 870 1083 910 καὶ
1114 875 1191 923 τῆς
1220 870 1307 910 τῶν
1333 863 1563 912 Ἰουδαίων
1593 864 1813 918 κολάσεως
1844 868 1908 918 εἷς

256 937 333 994 τὴν
356 937 517 978 ἐκείνου
552 934 681 992 τιμὴν
714 931 959 985 ἀνατιθείς.
1021 933 1042 978 ὁ
1067 934 1148 990 γάρ
1173 931 1368 989 ἀριθμὸς
1398 938 1483 977 τιῦν
1515 935 1559 978 έν
1588 953 1636 978 τε
1666 945 1763 985 ταῖς
1794 935 1908 991 πρὸς

253 1004 307 1046 τὰ
339 1007 479 1059 θηρία
516 1002 677 1056 μάχαις
714 1003 785 1044 καὶ
826 1004 912 1043 τῶν
951 1006 1390 1059 καταπιμπραμένων
1432 1003 1475 1046 ’έν
1506 1020 1553 1045 τε
1587 1012 1684 1052 ταῖς
1723 999 1909 1058 ἆλληλο-

253 1074 446 1120 κτονίαις
478 1065 804 1124 ἀναιρουμένων
834 1073 1150 1119 πεντακοσίους
1173 1069 1249 1112 ἐπὶ
1268 1079 1361 1120 τοῖς
1393 1071 1624 1123 δισχιλίοις
1652 1068 1908 1124 ὑπερέβαλε.

255 1138 402 1180 πάντα
432 1140 583 1191 μέντοι
609 1134 847 1190 ςΡωμαίοις
877 1135 1017 1179 ἐδόκει
1049 1139 1187 1178 ταῦτα
1216 1141 1390 1191 μυρίοις
1423 1134 1564 1179 αὐτῶν
1596 1136 1910 1191 ἀπολλυμένων

256 1206 441 1261 τρόποις
483 1203 674 1246 ἐλάττων
712 1204 892 1253 κόλασις
924 1201 1047 1246 εἶναι.
1106 1203 1217 1258 μετὰ
1247 1206 1377 1247 τοῦτο
1409 1209 1582 1258 Καῖσαρ
1620 1204 1683 1254 εἷς
1713 1203 1910 1260 Βηρυτὸν

255 1269 374 1329 ἧκεν·
420 1270 443 1328 ἡ
488 1267 529 1313 δ’
567 1271 684 1314 ἐστὶν
726 1270 770 1313 ἓν
809 1273 861 1327 τῇ
896 1276 1080 1327 Φοινίκῃ
1120 1271 1253 1320 πόλις
1287 1269 1514 1326 Ῥωμαίων
1555 1269 1761 1322 ἄποικος·
1807 1267 1910 1314 κᾶν·

255 1343 403 1383 ταῦθα
445 1342 738 1395 χρονιωτέραν
784 1338 1025 1396 ἐποιήσατο
1072 1337 1149 1395 τὴν
1190 1338 1429 1396 ἐπιδημίαν
1476 1341 1649 1382 πλείονι
1691 1338 1912 1394 χριόμενος

257 1411 309 1463 τῇ
342 1406 618 1463 λαμπρότητι
650 1407 754 1461 περὶ
785 1405 862 1461 τὴν
894 1409 970 1448 τοῦ
1003 1406 1171 1460 πατρὸς
1211 1403 1374 1461 ἡμέραν
1404 1407 1632 1462 γενέθλιον
1664 1406 1708 1449 ἕν
1739 1422 1785 1448 τε
1815 1414 1912 1455 ταῖς

258 1477 345 1516 τῶν
367 1476 571 1528 θεωριῶν
593 1474 899 1522 πολυτελείαις
928 1475 1001 1515 καὶ
1031 1472 1141 1515 κατὰ
1172 1472 1249 1531 τὴν
1271 1471 1404 1530 ἄλλην
1435 1473 1637 1516 ἐπίνοιαν
1658 1475 1746 1515 τῶν
1769 1469 1912 1515 ἄλλων

180 1548 231 1586 40
264 1538 577 1595 ἀναλωμάτων.
636 1540 684 1582 τὸ
719 1540 765 1581 δὲ
803 1542 889 1582 τῶν
923 1540 1209 1594 αἰχιιιαλώτων
1249 1541 1427 1598 πλῆθος
1466 1540 1542 1583 τὸν
1575 1537 1706 1583 αὐτὸν
1743 1539 1913 1595 τρόπον

181 1683 229 1720 41

264 1606 323 1658 (ὃς
355 1608 556 1663 πρόσθεν
589 1602 835 1649 ἀπώλλυτο.

377 1679 415 1717 2.
475 1677 695 1717 Γενέσθαι
735 1673 780 1715 δὲ
813 1677 967 1730 συνέβη
1008 1676 1111 1730 περὶ
1149 1674 1226 1717 τὸν
1256 1675 1408 1727 καιρὸν
1447 1677 1600 1717 τοῦτον
1638 1676 1709 1717 καὶ
1747 1682 1841 1723 τοῖς
1872 1672 1916 1715 ἓν

258 1738 504 1798 ἰήίντιοχείᾳ
544 1743 630 1783 τιῦν
659 1740 884 1783 Ἰουδαίων
929 1738 1300 1795 ὑπολειπομένοις
1344 1741 1587 1798 ἐγκλήματα
1616 1743 1689 1784 καὶ
1719 1741 1916 1783 κίνδυνον

265 1805 455 1864 ὀλέθρου
494 1811 570 1866 τῆς
615 1807 787 1857 πόλεως
826 1803 899 1849 ἐπ’
944 1803 1101 1858 αὐτοὺς
1141 1810 1227 1849 τῶν
1262 1804 1526 1861 Ἀντιοχέων
1573 1808 1916 1863 ἐκταραχθείσης

375 1942 820 1977 AMLVRCLatZonaras
846 1942 860 1975 Ι
884 1953 918 1986 p.
939 1946 1014 1976 550.

377 2002 395 2033 2
420 1997 613 2044 ἐπιφέρεισ
638 1998 680 2032 C¹
768 1992 826 2033 ὅτι
849 1999 924 2039 καὶ]
950 2008 1027 2032 oum
1053 1998 1123 2031 iam
1148 1997 1230 2037 Lat,
1255 1998 1349 2032 unde
1375 1991 1440 2033 ὅτε
1464 2000 1525 2033 καὶ
1551 1997 1657 2032 Niese
1741 2000 1762 2031 4
1788 1993 1918 2043 ὀργὰς]

264 2051 389 2101 οἷρχὰσ
414 2055 440 2089 C
528 2055 566 2090 δὲ
582 2053 677 2089 VRG
762 2052 911 2097 ἄνοδος]
938 2049 1110 2095 άνάὸυσις
1133 2053 1209 2087 Zon
1297 2057 1315 2087 5
1340 2052 1380 2089 ἐν
1405 2059 1484 2094 τοῖς
1507 2050 1716 2097 ὑπονόμοις
1741 2063 1808 2087 om.
1835 2053 1874 2087 M

265 2113 284 2144 6
310 2105 344 2145 δ’
360 2109 421 2144 LC
513 2107 812 2154 (ἐπα)]]νελ9όντι
829 2129 873 2134 --
891 2111 911 2153 ξ
930 2112 972 2143 49
999 2109 1269 2153 νομίζονΗ(τες)
1293 2108 1379 2143 folio
1405 2119 1475 2143 uno
1501 2110 1620 2143 exciso
1646 2109 1810 2153 suppleta
1835 2110 1919 2143 sunt

263 2176 373 2200 manu
397 2166 529 2201 saeculi
555 2165 640 2200 XVI
665 2169 727 2199 aut
750 2165 852 2200 XVII
877 2164 912 2198 in
938 2166 969 2198 A
1084 2161 1347 2205 ἐπανελθόντι]
1378 2162 1604 2210 ἐπανήκοντι
1629 2166 1662 2198 Α
1687 2163 1919 2210 παρελθόντι

264 2222 323 2256 LC
347 2233 492 2257 reuerso
517 2221 587 2255 Lat
664 2223 682 2255 S
708 2221 929 2267 προσέταξε]
957 2217 1062 2263 ἔταξε
1087 2220 1116 2254 L
1194 2220 1217 2254 i.
1243 2230 1352 2263 marg.
1378 2217 1416 2266 η’
1444 2221 1469 2255 C
1546 2224 1564 2255 9
1590 2221 1627 2257 δὲ
1652 2221 1784 2256 ALVR
1853 2224 1921 2257 τοῦ

266 2273 428 2324 άὸελφοῦ
452 2278 582 2313 ALVR
696 2277 888 2312 Domitiani
921 2277 995 2311 dies
1028 2276 1157 2310 natalis
1182 2278 1259 2310 erat
1285 2275 1384 2310 VIIII
1408 2276 1443 2310 k.
1469 2276 1662 2311 Nouembr.
1781 2280 1820 2310 10
1845 2275 1920 2312 ἐπι-

265 2336 396 2379 φανῶν
421 2333 447 2367 C
583 2332 799 2376 κολάσεωσ,
833 2346 887 2369 ωσ
913 2343 954 2367 ex
981 2346 1033 2368 ων
1059 2341 1148 2366 corr.
1176 2332 1201 2365 C
1344 2335 1379 2366 11
1406 2335 1483 2367 τῶν
1500 2353 1541 2357 —
1564 2335 1601 2366 12
1625 2330 1774 2378 μάχαις]
1799 2343 1921 2367 eorum

266 2390 328 2434 qui
353 2400 431 2423 cum
457 2389 575 2424 bestiis
599 2389 853 2435 (lepufflzarunt
879 2389 948 2423 Lat
1039 2391 1133 2429 ταῖς]
1159 2388 1274 2432 suppl.
1300 2398 1344 2422 m.
1371 2390 1389 2421 2
1415 2388 1443 2421 L
1469 2390 1537 2433 τῆσ
1561 2388 1695 2423 MVRO
1790 2391 1830 2423 12
1854 2385 1922 2433 μά-

265 2458 335 2491 χησ
360 2444 494 2480 MVRC
631 2447 694 2481 καὶ
718 2447 795 2481 τῶν
822 2442 1196 2491 καταπιμπραμένων
1228 2443 1288 2476 uix
1312 2443 1455 2478 tolerari
1479 2448 1629 2488 possunt
1652 2448 1687 2478 et
1710 2444 1792 2479 fort.
1818 2456 1852 2480 u.
1882 2447 1921 2479 13

267 2504 348 2545 post
378 2496 661 2548 ἀναιρουμένων
692 2501 898 2535 collocanda
931 2502 1014 2534 sunt
1105 2499 1451 2547 καταπιπραμένων
1484 2499 1510 2533 C
1604 2504 1697 2542 ταῖς]
1729 2503 1798 2545 τῆσ
1828 2500 1855 2534 C

270 2559 311 2590 13
335 2554 566 2603 ὑπερέβαλλε
591 2556 650 2591 AG
761 2559 801 2590 14
825 2554 1008 2602 ῥωμαίων
1032 2556 1060 2589 L
1182 2560 1220 2590 15
1245 2553 1389 2592 ἐλάττω
1416 2556 1462 2589 L¹
1486 2555 1646 2593 ἐλάττον
1670 2555 1696 2590 C
1809 2553 1921 2592 κολά-

270 2624 350 2647 σεισ
374 2612 406 2646 R
496 2614 633 2657 καίσαρ
660 2611 715 2647 εἰσ
740 2621 783 2646 ex
807 2617 1005 2656 καισαρεῖσ
1031 2620 1120 2645 corr.
1146 2623 1191 2646 m.
1219 2614 1238 2645 2
1263 2612 1293 2646 L
1389 2615 1428 2646 16
1454 2612 1491 2648 δὲ
1514 2612 1609 2646 VRC
1701 2609 1923 2657 ἐποιήσατο,

268 2663 289 2712 ἡ
316 2677 344 2701 s.
371 2667 396 2701 C
537 2671 574 2702 17
600 2668 732 2703 πλεῖον
755 2667 788 2702 R
928 2670 966 2700 18
993 2667 1201 2711 Vespasiani
1225 2667 1354 2702 natalis
1379 2670 1455 2702 erat
1479 2667 1555 2702 XV.
1581 2667 1617 2702 k.
1644 2667 1830 2702 Decembr.

269 2719 378 2763 κατὰ]
404 2728 490 2758 ταῖσ
514 2720 623 2762 κατὰ,
647 2729 733 2758 ταῖσ
757 2723 909 2757 deletum
934 2724 965 2754 A
1078 2721 1173 2759 κατὰ
1193 2743 1235 2747 -
1254 2726 1295 2757 20
1321 2718 1591 2766 ἀναλωμάτων]
1617 2722 1816 2768 sumptibus
1840 2723 1923 2758 aliis

270 2778 487 2822 excoqitatis
511 2778 590 2821 Lat,
616 2778 675 2822 qui
699 2775 813 2823 ἄλλην
837 2788 908 2812 non
932 2778 1098 2813 habuisse
1122 2779 1213 2820 uid.;
1240 2779 1301 2814 sed
1324 2778 1443 2823 potius
1469 2777 1593 2814 ἄλλων
1618 2778 1777 2822 spurium
1801 2781 1855 2812 est

270 2836 312 2868 22
336 2834 359 2868 i.
384 2844 491 2877 marg.
518 2831 558 2869 θ’
586 2833 611 2867 C
749 2835 789 2867 23
823 2831 1034 2878 ἐγκλήματα
1054 2853 1094 2858 -
1114 2837 1222 2875 577,1
1260 2829 1434 2880 ὀλέθρου]
1468 2833 1596 2868 acerba
1625 2838 1659 2868 et
1682 2833 1838 2868 exitiosa
1861 2845 1923 2878 pe-

268 2888 385 2924 ricula
409 2889 480 2924 Lat

1938 878 1975 911 10

1942 1214 1977 1247 15

1945 1551 1981 1582 20
