<?xml version="1.0" encoding="UTF-8"?>
<!DOCTYPE html PUBLIC "-//W3C//DTD XHTML 1.0 Transitional//EN"
    "http://www.w3.org/TR/xhtml1/DTD/xhtml1-transitional.dtd">
<html xmlns="http://www.w3.org/1999/xhtml" xml:lang="en" lang="en">
 <head>
  <title>
</title>
<meta http-equiv="Content-Type" content="text/html;charset=utf-8" />
  <meta name='ocr-system' content='tesseract 3.04.00' />
  <meta name='ocr-capabilities' content='ocr_page ocr_carea ocr_par ocr_line ocrx_word'/>
</head>
<body>
  <div class='ocr_page' id='page_1' title='image "./operajosephus06joseuoft/operajosephus06joseuoft_0380.png"; bbox 0 0 2018 3236; ppageno 0'>
   <div class='ocr_carea' id='block_1_1' title="bbox 128 321 204 361">
    <p class='ocr_par' dir='ltr' id='par_1_1' title="bbox 128 321 204 361">
     <span class='ocr_line' id='line_1_1' title="bbox 128 321 204 361; baseline -0.026 0"><span class='ocrx_word' id='word_1_1' title='bbox 128 321 204 361; x_wconf 72' lang='lat'>187</span> 
     </span>
    </p>
   </div>
   <div class='ocr_carea' id='block_1_2' title="bbox 236 134 1489 177">
    <p class='ocr_par' dir='ltr' id='par_1_2' title="bbox 236 134 1489 177">
     <span class='ocr_line' id='line_1_2' title="bbox 236 134 1489 177; baseline -0.008 0"><span class='ocrx_word' id='word_1_2' title='bbox 236 140 315 176; x_wconf 81' lang='lat'><em>300</em></span> <span class='ocrx_word' id='word_1_3' title='bbox 594 137 660 171; x_wconf 92' lang='lat' dir='ltr'><em>DE</em></span> <span class='ocrx_word' id='word_1_4' title='bbox 689 135 848 170; x_wconf 88' lang='lat' dir='ltr'>BELLO</span> <span class='ocrx_word' id='word_1_5' title='bbox 872 134 969 170; x_wconf 90' lang='lat' dir='ltr'>IUD.</span> <span class='ocrx_word' id='word_1_6' title='bbox 994 134 1046 168; x_wconf 86' lang='grc' dir='ltr'><em>ΙΙΙ</em></span> <span class='ocrx_word' id='word_1_7' title='bbox 1073 136 1246 169; x_wconf 78' lang='lat'>186-193</span> <span class='ocrx_word' id='word_1_8' title='bbox 1272 136 1332 176; x_wconf 84' lang='lat' dir='ltr'><strong>(Vll</strong></span> <span class='ocrx_word' id='word_1_9' title='bbox 1361 139 1409 166; x_wconf 88' lang='grc'><em>13.</em></span> <span class='ocrx_word' id='word_1_10' title='bbox 1437 136 1489 177; x_wconf 84' lang='grc'><strong>15)</strong></span> 
     </span>
    </p>
   </div>
   <div class='ocr_carea' id='block_1_3' title="bbox 234 244 1885 503">
    <p class='ocr_par' dir='ltr' id='par_1_3' title="bbox 234 244 1885 503">
     <span class='ocr_line' id='line_1_3' title="bbox 234 244 1882 304; baseline -0.003 -10"><span class='ocrx_word' id='word_1_11' title='bbox 234 254 518 294; x_wconf 73' lang='grc' dir='ltr'><em>κενωθέντων</em></span> <span class='ocrx_word' id='word_1_12' title='bbox 554 247 734 301; x_wconf 64' lang='grc' dir='ltr'><em>ἤλπιζεν</em></span> <span class='ocrx_word' id='word_1_13' title='bbox 766 246 850 290; x_wconf 64' lang='grc' dir='ltr'><em>ὑπὸ</em></span> <span class='ocrx_word' id='word_1_14' title='bbox 881 248 954 304; x_wconf 85' lang='grc' dir='ltr'><em>τῆς</em></span> <span class='ocrx_word' id='word_1_15' title='bbox 986 245 1178 300; x_wconf 77' lang='grc' dir='ltr'><em>ἀνάγκης</em></span> <span class='ocrx_word' id='word_1_16' title='bbox 1209 245 1325 300; x_wconf 78' lang='grc' dir='ltr'><em>αὐτῷ</em></span> <span class='ocrx_word' id='word_1_17' title='bbox 1356 244 1774 299; x_wconf 72' lang='grc' dir='ltr'><em>παραδοθήσεσθαι</em></span> <span class='ocrx_word' id='word_1_18' title='bbox 1803 248 1882 303; x_wconf 72' lang='grc' dir='ltr'><em>τὴν</em></span> 
     </span>
     <span class='ocr_line' id='line_1_4' title="bbox 236 308 1885 370; baseline -0.002 -11"><span class='ocrx_word' id='word_1_19' title='bbox 236 318 390 359; x_wconf 86' lang='grc' dir='ltr'><em>πόλιν·</em></span> <span class='ocrx_word' id='word_1_20' title='bbox 432 313 453 357; x_wconf 76' lang='grc' dir='ltr'><em>ὁ</em></span> <span class='ocrx_word' id='word_1_21' title='bbox 494 316 540 357; x_wconf 79' lang='grc' dir='ltr'><em>δὲ</em></span> <span class='ocrx_word' id='word_1_22' title='bbox 569 314 782 370; x_wconf 77' lang='grc' dir='ltr'><em>Ἰώσηπος</em></span> <span class='ocrx_word' id='word_1_23' title='bbox 812 314 972 357; x_wconf 77' lang='grc' dir='ltr'><em>κλάσαι</em></span> <span class='ocrx_word' id='word_1_24' title='bbox 1002 314 1078 370; x_wconf 76' lang='grc' dir='ltr'><em>τὴν</em></span> <span class='ocrx_word' id='word_1_25' title='bbox 1110 313 1271 356; x_wconf 84' lang='grc' dir='ltr'><em>ἐλπίδα</em></span> <span class='ocrx_word' id='word_1_26' title='bbox 1302 312 1462 368; x_wconf 80' lang='grc' dir='ltr'><em>ταύτην</em></span> <span class='ocrx_word' id='word_1_27' title='bbox 1495 308 1613 368; x_wconf 71' lang='grc' dir='ltr'><em>αὐτῷ</em></span> <span class='ocrx_word' id='word_1_28' title='bbox 1643 313 1885 367; x_wconf 79' lang='grc' dir='ltr'><em>προαιρού-</em></span> 
     </span>
     <span class='ocr_line' id='line_1_5' title="bbox 234 380 1885 437; baseline -0.002 -11"><span class='ocrx_word' id='word_1_29' title='bbox 234 399 367 437; x_wconf 80' lang='grc' dir='ltr'><em>μενος</em></span> <span class='ocrx_word' id='word_1_30' title='bbox 411 382 621 436; x_wconf 76' lang='grc' dir='ltr'><em>ἐμβρέξαι</em></span> <span class='ocrx_word' id='word_1_31' title='bbox 666 381 836 424; x_wconf 76' lang='grc' dir='ltr'><em>κελεύει</em></span> <span class='ocrx_word' id='word_1_32' title='bbox 880 383 1117 430; x_wconf 78' lang='grc' dir='ltr'><em>πλείστους</em></span> <span class='ocrx_word' id='word_1_33' title='bbox 1154 380 1207 422; x_wconf 84' lang='grc' dir='ltr'><em>τὰ</em></span> <span class='ocrx_word' id='word_1_34' title='bbox 1248 380 1400 434; x_wconf 81' lang='grc' dir='ltr'><em>ἱμάτια</em></span> <span class='ocrx_word' id='word_1_35' title='bbox 1439 381 1513 422; x_wconf 88' lang='grc' dir='ltr'><em>καὶ</em></span> <span class='ocrx_word' id='word_1_36' title='bbox 1552 380 1885 434; x_wconf 81' lang='grc' dir='ltr'><em>κατακρεμάσαι</em></span> 
     </span>
     <span class='ocr_line' id='line_1_6' title="bbox 235 446 1884 503; baseline -0.001 -12"><span class='ocrx_word' id='word_1_37' title='bbox 235 451 339 503; x_wconf 83' lang='grc' dir='ltr'><em>περὶ</em></span> <span class='ocrx_word' id='word_1_38' title='bbox 376 449 456 499; x_wconf 82' lang='grc' dir='ltr'><em>τὰς</em></span> <span class='ocrx_word' id='word_1_39' title='bbox 497 449 725 501; x_wconf 76' lang='grc' dir='ltr'><em>ἐπάλξεις,</em></span> <span class='ocrx_word' id='word_1_40' title='bbox 766 446 878 491; x_wconf 74' lang='grc' dir='ltr'><em>ὥστε</em></span> <span class='ocrx_word' id='word_1_41' title='bbox 917 452 1238 502; x_wconf 71' lang='grc' dir='ltr'><em>περιρρεῖσθαι</em></span> <span class='ocrx_word' id='word_1_42' title='bbox 1278 451 1366 488; x_wconf 80' lang='grc' dir='ltr'><em>πᾶν</em></span> <span class='ocrx_word' id='word_1_43' title='bbox 1406 446 1618 502; x_wconf 74' lang='grc' dir='ltr'><em>ἐξαπίνης</em></span> <span class='ocrx_word' id='word_1_44' title='bbox 1648 446 1697 488; x_wconf 88' lang='grc' dir='ltr'><em>τὸ</em></span> <span class='ocrx_word' id='word_1_45' title='bbox 1728 454 1884 499; x_wconf 88' lang='grc' dir='ltr'><em>τεῖχος.</em></span> 
     </span>
    </p>
   </div>
   <div class='ocr_carea' id='block_1_4' title="bbox 130 511 1885 571">
    <p class='ocr_par' dir='ltr' id='par_1_4' title="bbox 130 511 1885 571">
     <span class='ocr_line' id='line_1_7' title="bbox 130 511 1885 571; baseline -0.003 -10"><span class='ocrx_word' id='word_1_46' title='bbox 130 521 207 561; x_wconf 75' lang='grc'><strong>188</strong></span> <span class='ocrx_word' id='word_1_47' title='bbox 239 516 353 571; x_wconf 80' lang='grc' dir='ltr'><em>πρὸς</em></span> <span class='ocrx_word' id='word_1_48' title='bbox 384 514 507 558; x_wconf 71' lang='grc' dir='ltr'><em>τοῦτ’</em></span> <span class='ocrx_word' id='word_1_49' title='bbox 541 515 716 570; x_wconf 77' lang='grc' dir='ltr'><em>ἀθυμία</em></span> <span class='ocrx_word' id='word_1_50' title='bbox 746 521 831 558; x_wconf 85' lang='grc' dir='ltr'><em>τιῦν</em></span> <span class='ocrx_word' id='word_1_51' title='bbox 850 513 1067 569; x_wconf 82' lang='grc' dir='ltr'><em>Ῥωμαίων</em></span> <span class='ocrx_word' id='word_1_52' title='bbox 1100 516 1173 557; x_wconf 84' lang='grc' dir='ltr'><em>καὶ</em></span> <span class='ocrx_word' id='word_1_53' title='bbox 1205 514 1477 569; x_wconf 80' lang='grc' dir='ltr'><em>κατάπληξις</em></span> <span class='ocrx_word' id='word_1_54' title='bbox 1509 511 1560 568; x_wconf 71' lang='grc' dir='ltr'><em>ἦν</em></span> <span class='ocrx_word' id='word_1_55' title='bbox 1591 517 1885 567; x_wconf 73' lang='grc' dir='ltr'><em>θεασαμένων</em></span> 
     </span>
    </p>
   </div>
   <div class='ocr_carea' id='block_1_5' title="bbox 127 725 204 765">
    <p class='ocr_par' dir='ltr' id='par_1_5' title="bbox 127 725 204 765">
     <span class='ocr_line' id='line_1_8' title="bbox 127 725 204 765; baseline -0.013 0"><span class='ocrx_word' id='word_1_56' title='bbox 127 725 204 765; x_wconf 79' lang='lat'>189</span> 
     </span>
    </p>
   </div>
   <div class='ocr_carea' id='block_1_6' title="bbox 128 929 206 1036">
    <p class='ocr_par' dir='ltr' id='par_1_6' title="bbox 128 929 206 1036">
     <span class='ocr_line' id='line_1_9' title="bbox 129 929 206 968; baseline 0 -1"><span class='ocrx_word' id='word_1_57' title='bbox 129 929 206 968; x_wconf 84' lang='lat'>190</span> 
     </span>
     <span class='ocr_line' id='line_1_10' title="bbox 128 998 200 1036; baseline -0.028 0"><span class='ocrx_word' id='word_1_58' title='bbox 128 998 200 1036; x_wconf 77' lang='lat'>191</span> 
     </span>
    </p>
   </div>
   <div class='ocr_carea' id='block_1_7' title="bbox 134 1333 209 1374">
    <p class='ocr_par' dir='ltr' id='par_1_7' title="bbox 134 1333 209 1374">
     <span class='ocr_line' id='line_1_11' title="bbox 134 1333 209 1374; baseline -0.027 0"><span class='ocrx_word' id='word_1_59' title='bbox 134 1333 209 1374; x_wconf 85' lang='lat'>192</span> 
     </span>
    </p>
   </div>
   <div class='ocr_carea' id='block_1_8' title="bbox 235 579 1893 1714">
    <p class='ocr_par' dir='ltr' id='par_1_8' title="bbox 235 579 1887 907">
     <span class='ocr_line' id='line_1_12' title="bbox 239 579 1886 639; baseline -0.002 -14"><span class='ocrx_word' id='word_1_60' title='bbox 239 583 301 633; x_wconf 83' lang='grc' dir='ltr'><em>εἷς</em></span> <span class='ocrx_word' id='word_1_61' title='bbox 321 584 478 639; x_wconf 79' lang='grc' dir='ltr'><em>χλεύην</em></span> <span class='ocrx_word' id='word_1_62' title='bbox 499 587 710 625; x_wconf 80' lang='grc' dir='ltr'><em>τοσοῦτον</em></span> <span class='ocrx_word' id='word_1_63' title='bbox 732 584 1146 637; x_wconf 83' lang='grc' dir='ltr'><em>παραναλίσκοντας</em></span> <span class='ocrx_word' id='word_1_64' title='bbox 1167 580 1328 631; x_wconf 71' lang='grc' dir='ltr'><em>ὓδατος</em></span> <span class='ocrx_word' id='word_1_65' title='bbox 1358 579 1435 630; x_wconf 76' lang='grc' dir='ltr'><em>οὓς</em></span> <span class='ocrx_word' id='word_1_66' title='bbox 1467 579 1569 623; x_wconf 76' lang='grc' dir='ltr'><em>οὐδὲ</em></span> <span class='ocrx_word' id='word_1_67' title='bbox 1601 580 1740 622; x_wconf 84' lang='grc' dir='ltr'><em>ποτὸν</em></span> <span class='ocrx_word' id='word_1_68' title='bbox 1771 580 1886 633; x_wconf 73' lang='grc' dir='ltr'><em>ἔχειν</em></span> 
     </span>
     <span class='ocr_line' id='line_1_13' title="bbox 235 646 1886 705; baseline -0.001 -15"><span class='ocrx_word' id='word_1_69' title='bbox 235 648 560 705; x_wconf 79' lang='grc' dir='ltr'><em>ὑπελάμβανον,</em></span> <span class='ocrx_word' id='word_1_70' title='bbox 593 649 706 693; x_wconf 73' lang='grc' dir='ltr'><em>ὥστε</em></span> <span class='ocrx_word' id='word_1_71' title='bbox 737 652 811 692; x_wconf 84' lang='grc' dir='ltr'><em>καὶ</em></span> <span class='ocrx_word' id='word_1_72' title='bbox 842 650 916 692; x_wconf 85' lang='grc' dir='ltr'><em>τὸν</em></span> <span class='ocrx_word' id='word_1_73' title='bbox 949 649 1191 705; x_wconf 85' lang='grc' dir='ltr'><em>στρατηγὸν</em></span> <span class='ocrx_word' id='word_1_74' title='bbox 1224 647 1474 703; x_wconf 78' lang='grc' dir='ltr'><em>ἀπογνόντα</em></span> <span class='ocrx_word' id='word_1_75' title='bbox 1504 647 1582 704; x_wconf 73' lang='grc' dir='ltr'><em>τὴν</em></span> <span class='ocrx_word' id='word_1_76' title='bbox 1616 646 1681 690; x_wconf 70' lang='grc' dir='ltr'><em>δι’</em></span> <span class='ocrx_word' id='word_1_77' title='bbox 1715 647 1886 697; x_wconf 76' lang='grc' dir='ltr'><em>ἐνδείας</em></span> 
     </span>
     <span class='ocr_line' id='line_1_14' title="bbox 237 711 1887 773; baseline -0.002 -13"><span class='ocrx_word' id='word_1_78' title='bbox 237 717 401 760; x_wconf 72' lang='grc' dir='ltr'><em>ἅλωσιν</em></span> <span class='ocrx_word' id='word_1_79' title='bbox 439 722 694 772; x_wconf 82' lang='grc' dir='ltr'><em>τρέπεσθαι</em></span> <span class='ocrx_word' id='word_1_80' title='bbox 733 718 868 759; x_wconf 87' lang='grc' dir='ltr'><em>πάλιν</em></span> <span class='ocrx_word' id='word_1_81' title='bbox 908 717 1023 773; x_wconf 87' lang='grc' dir='ltr'><em>πρὸς</em></span> <span class='ocrx_word' id='word_1_82' title='bbox 1063 715 1179 758; x_wconf 78' lang='grc' dir='ltr'><em>ὅπλα</em></span> <span class='ocrx_word' id='word_1_83' title='bbox 1218 717 1292 758; x_wconf 83' lang='grc' dir='ltr'><em>καὶ</em></span> <span class='ocrx_word' id='word_1_84' title='bbox 1330 720 1445 769; x_wconf 91' lang='grc' dir='ltr'><em>βίαν.</em></span> <span class='ocrx_word' id='word_1_85' title='bbox 1507 713 1529 758; x_wconf 79' lang='grc' dir='ltr'><em>ὃ</em></span> <span class='ocrx_word' id='word_1_86' title='bbox 1571 715 1622 770; x_wconf 81' lang='grc' dir='ltr'><em>δὴ</em></span> <span class='ocrx_word' id='word_1_87' title='bbox 1663 723 1757 765; x_wconf 87' lang='grc' dir='ltr'><em>τοῖς</em></span> <span class='ocrx_word' id='word_1_88' title='bbox 1783 711 1887 757; x_wconf 81' lang='grc' dir='ltr'><em>Ἰου-</em></span> 
     </span>
     <span class='ocr_line' id='line_1_15' title="bbox 237 775 1886 839; baseline -0.002 -12"><span class='ocrx_word' id='word_1_89' title='bbox 237 786 382 836; x_wconf 90' lang='grc' dir='ltr'><em>δαίοις</em></span> <span class='ocrx_word' id='word_1_90' title='bbox 405 784 467 827; x_wconf 71' lang='grc' dir='ltr'><em>δι’</em></span> <span class='ocrx_word' id='word_1_91' title='bbox 492 785 742 837; x_wconf 73' lang='grc' dir='ltr'><em>ἐπιθυμίας</em></span> <span class='ocrx_word' id='word_1_92' title='bbox 767 775 840 839; x_wconf 71' lang='grc' dir='ltr'><em>ἦν·</em></span> <span class='ocrx_word' id='word_1_93' title='bbox 872 783 1181 839; x_wconf 77' lang='grc' dir='ltr'><em>ἀπεγνωκότες</em></span> <span class='ocrx_word' id='word_1_94' title='bbox 1211 783 1292 838; x_wconf 79' lang='grc' dir='ltr'><em>γὰρ</em></span> <span class='ocrx_word' id='word_1_95' title='bbox 1325 783 1511 833; x_wconf 70' lang='grc' dir='ltr'><em>ἑαυτούς</em></span> <span class='ocrx_word' id='word_1_96' title='bbox 1543 785 1615 826; x_wconf 80' lang='grc' dir='ltr'><em>καὶ</em></span> <span class='ocrx_word' id='word_1_97' title='bbox 1646 781 1724 839; x_wconf 75' lang='grc' dir='ltr'><em>τήν</em></span> <span class='ocrx_word' id='word_1_98' title='bbox 1756 783 1886 824; x_wconf 90' lang='grc' dir='ltr'><em>πόλιν</em></span> 
     </span>
     <span class='ocr_line' id='line_1_16' title="bbox 236 848 1614 907; baseline -0.001 -12"><span class='ocrx_word' id='word_1_99' title='bbox 236 853 324 907; x_wconf 80' lang='grc' dir='ltr'><em>πρὸ</em></span> <span class='ocrx_word' id='word_1_100' title='bbox 357 855 487 906; x_wconf 83' lang='grc' dir='ltr'><em>λιμοῦ</em></span> <span class='ocrx_word' id='word_1_101' title='bbox 518 854 591 894; x_wconf 84' lang='grc' dir='ltr'><em>καὶ</em></span> <span class='ocrx_word' id='word_1_102' title='bbox 625 852 763 907; x_wconf 65' lang='grc' dir='ltr'><em>δίψης</em></span> <span class='ocrx_word' id='word_1_103' title='bbox 791 851 867 894; x_wconf 83' lang='grc' dir='ltr'><em>τὸν</em></span> <span class='ocrx_word' id='word_1_104' title='bbox 899 852 944 894; x_wconf 81' lang='grc' dir='ltr'><em>ἐν</em></span> <span class='ocrx_word' id='word_1_105' title='bbox 976 853 1155 905; x_wconf 78' lang='grc' dir='ltr'><em>πολέμῳ</em></span> <span class='ocrx_word' id='word_1_106' title='bbox 1186 850 1384 893; x_wconf 87' lang='grc' dir='ltr'><em>θάνατον</em></span> <span class='ocrx_word' id='word_1_107' title='bbox 1413 848 1614 906; x_wconf 59' lang='grc' dir='ltr'><em>ᾑροῦντο.</em></span> 
     </span>
    </p>

    <p class='ocr_par' dir='ltr' id='par_1_9' title="bbox 236 916 1891 1580">
     <span class='ocr_line' id='line_1_17' title="bbox 351 916 1888 975; baseline -0.001 -13"><span class='ocrx_word' id='word_1_108' title='bbox 351 925 416 962; x_wconf 86' lang='grc'><strong>14.</strong></span> <span class='ocrx_word' id='word_1_109' title='bbox 451 917 496 963; x_wconf 88' lang='grc' dir='ltr'><em>Ὁ</em></span> <span class='ocrx_word' id='word_1_110' title='bbox 535 920 686 973; x_wconf 82' lang='grc' dir='ltr'><em>μέντοι</em></span> <span class='ocrx_word' id='word_1_111' title='bbox 724 936 772 973; x_wconf 89' lang='grc' dir='ltr'><em>γε</em></span> <span class='ocrx_word' id='word_1_112' title='bbox 799 918 1010 975; x_wconf 80' lang='grc' dir='ltr'><em>Ἰώσηπος</em></span> <span class='ocrx_word' id='word_1_113' title='bbox 1048 918 1164 972; x_wconf 79' lang='grc' dir='ltr'><em>πρὸς</em></span> <span class='ocrx_word' id='word_1_114' title='bbox 1202 918 1316 973; x_wconf 74' lang='grc' dir='ltr'><em>τῷδε</em></span> <span class='ocrx_word' id='word_1_115' title='bbox 1356 922 1418 972; x_wconf 74' lang='grc' dir='ltr'><em>τῷ</em></span> <span class='ocrx_word' id='word_1_116' title='bbox 1454 916 1784 974; x_wconf 80' lang='grc' dir='ltr'><em>στρατηγήματι</em></span> <span class='ocrx_word' id='word_1_117' title='bbox 1814 918 1888 960; x_wconf 83' lang='grc' dir='ltr'><em>καὶ</em></span> 
     </span>
     <span class='ocr_line' id='line_1_18' title="bbox 238 983 1889 1043; baseline -0.002 -13"><span class='ocrx_word' id='word_1_118' title='bbox 238 987 388 1041; x_wconf 75' lang='grc' dir='ltr'><em>ἕτερον</em></span> <span class='ocrx_word' id='word_1_119' title='bbox 428 987 671 1043; x_wconf 85' lang='grc' dir='ltr'><em>ἐπενόησεν</em></span> <span class='ocrx_word' id='word_1_120' title='bbox 704 986 768 1036; x_wconf 82' lang='grc' dir='ltr'><em>εἷς</em></span> <span class='ocrx_word' id='word_1_121' title='bbox 798 990 1062 1041; x_wconf 78' lang='grc' dir='ltr'><em>περιουσίαν</em></span> <span class='ocrx_word' id='word_1_122' title='bbox 1094 983 1233 1040; x_wconf 73' lang='grc' dir='ltr'><em>αὐτῷ·</em></span> <span class='ocrx_word' id='word_1_123' title='bbox 1275 984 1349 1026; x_wconf 89' lang='grc' dir='ltr'><em>διά</em></span> <span class='ocrx_word' id='word_1_124' title='bbox 1379 1001 1499 1035; x_wconf 90' lang='grc' dir='ltr'><em>τινος</em></span> <span class='ocrx_word' id='word_1_125' title='bbox 1525 985 1753 1041; x_wconf 83' lang='grc' dir='ltr'><em>χαράδρας</em></span> <span class='ocrx_word' id='word_1_126' title='bbox 1785 985 1889 1027; x_wconf 89' lang='grc' dir='ltr'><em>δυσ-</em></span> 
     </span>
     <span class='ocr_line' id='line_1_19' title="bbox 236 1050 1889 1110; baseline -0.002 -14"><span class='ocrx_word' id='word_1_127' title='bbox 236 1054 373 1108; x_wconf 88' lang='grc' dir='ltr'><em>βάτου</em></span> <span class='ocrx_word' id='word_1_128' title='bbox 397 1057 471 1097; x_wconf 83' lang='grc' dir='ltr'><em>καὶ</em></span> <span class='ocrx_word' id='word_1_129' title='bbox 493 1053 567 1096; x_wconf 79' lang='grc' dir='ltr'><em>δια</em></span> <span class='ocrx_word' id='word_1_130' title='bbox 587 1050 721 1110; x_wconf 77' lang='grc' dir='ltr'><em>τοῦθ’</em></span> <span class='ocrx_word' id='word_1_131' title='bbox 756 1052 843 1095; x_wconf 70' lang='grc' dir='ltr'><em>ὑπὸ</em></span> <span class='ocrx_word' id='word_1_132' title='bbox 865 1059 952 1095; x_wconf 77' lang='grc' dir='ltr'><em>τῶν</em></span> <span class='ocrx_word' id='word_1_133' title='bbox 984 1052 1190 1109; x_wconf 85' lang='grc' dir='ltr'><em>φυλάκων</em></span> <span class='ocrx_word' id='word_1_134' title='bbox 1221 1051 1521 1107; x_wconf 77' lang='grc' dir='ltr'><em>ἀμελουμένης</em></span> <span class='ocrx_word' id='word_1_135' title='bbox 1552 1051 1662 1094; x_wconf 80' lang='grc' dir='ltr'><em>κατὰ</em></span> <span class='ocrx_word' id='word_1_136' title='bbox 1691 1051 1745 1094; x_wconf 82' lang='grc' dir='ltr'><em>τὰ</em></span> <span class='ocrx_word' id='word_1_137' title='bbox 1775 1051 1889 1106; x_wconf 87' lang='grc' dir='ltr'><em>πρὸς</em></span> 
     </span>
     <span class='ocr_line' id='line_1_20' title="bbox 240 1117 1889 1178; baseline -0.001 -16"><span class='ocrx_word' id='word_1_138' title='bbox 240 1122 364 1165; x_wconf 66' lang='grc' dir='ltr'><em>δόσιν</em></span> <span class='ocrx_word' id='word_1_139' title='bbox 386 1127 496 1178; x_wconf 82' lang='grc' dir='ltr'><em>μέρη</em></span> <span class='ocrx_word' id='word_1_140' title='bbox 529 1128 607 1177; x_wconf 62' lang='grc' dir='ltr'><em>τῆς</em></span> <span class='ocrx_word' id='word_1_141' title='bbox 638 1121 866 1177; x_wconf 78' lang='grc' dir='ltr'><em>φάραγγος</em></span> <span class='ocrx_word' id='word_1_142' title='bbox 897 1121 1140 1173; x_wconf 80' lang='grc' dir='ltr'><em>ἐκπέμπων</em></span> <span class='ocrx_word' id='word_1_143' title='bbox 1171 1119 1294 1169; x_wconf 81' lang='grc' dir='ltr'><em>τινὰς</em></span> <span class='ocrx_word' id='word_1_144' title='bbox 1323 1119 1558 1174; x_wconf 87' lang='grc' dir='ltr'><em>γράμματά</em></span> <span class='ocrx_word' id='word_1_145' title='bbox 1589 1137 1635 1162; x_wconf 86' lang='grc' dir='ltr'><em>τε</em></span> <span class='ocrx_word' id='word_1_146' title='bbox 1667 1118 1782 1173; x_wconf 84' lang='grc' dir='ltr'><em>πρὸς</em></span> <span class='ocrx_word' id='word_1_147' title='bbox 1813 1117 1889 1168; x_wconf 74' lang='grc' dir='ltr'><em>οὓς</em></span> 
     </span>
     <span class='ocr_line' id='line_1_21' title="bbox 240 1185 1888 1243; baseline -0.002 -13"><span class='ocrx_word' id='word_1_148' title='bbox 240 1186 451 1243; x_wconf 62' lang='grc' dir='ltr'><em>ἤβοόλετο</em></span> <span class='ocrx_word' id='word_1_149' title='bbox 490 1195 577 1231; x_wconf 82' lang='grc' dir='ltr'><em>τιῦν</em></span> <span class='ocrx_word' id='word_1_150' title='bbox 617 1190 701 1242; x_wconf 71' lang='grc' dir='ltr'><em>ἔξω</em></span> <span class='ocrx_word' id='word_1_151' title='bbox 729 1188 949 1231; x_wconf 80' lang='grc' dir='ltr'><em>Ἰουδαίων</em></span> <span class='ocrx_word' id='word_1_152' title='bbox 991 1188 1276 1241; x_wconf 77' lang='grc' dir='ltr'><em>διεπέμψατο</em></span> <span class='ocrx_word' id='word_1_153' title='bbox 1317 1188 1390 1229; x_wconf 81' lang='grc' dir='ltr'><em>καὶ</em></span> <span class='ocrx_word' id='word_1_154' title='bbox 1430 1185 1542 1241; x_wconf 69' lang='grc' dir='ltr'><em>παρ’</em></span> <span class='ocrx_word' id='word_1_155' title='bbox 1585 1186 1726 1228; x_wconf 80' lang='grc' dir='ltr'><em>αὐτῶν</em></span> <span class='ocrx_word' id='word_1_156' title='bbox 1757 1185 1888 1239; x_wconf 82' lang='grc' dir='ltr'><em>ἐλάμ-</em></span> 
     </span>
     <span class='ocr_line' id='line_1_22' title="bbox 238 1253 1888 1312; baseline -0.001 -15"><span class='ocrx_word' id='word_1_157' title='bbox 238 1261 391 1310; x_wconf 85' lang='grc' dir='ltr'><em>βανεν,</em></span> <span class='ocrx_word' id='word_1_158' title='bbox 430 1256 599 1306; x_wconf 83' lang='grc' dir='ltr'><em>παντός</em></span> <span class='ocrx_word' id='word_1_159' title='bbox 636 1274 683 1298; x_wconf 91' lang='grc' dir='ltr'><em>τε</em></span> <span class='ocrx_word' id='word_1_160' title='bbox 724 1256 979 1312; x_wconf 74' lang='grc' dir='ltr'><em>ἐπιτηδείου</em></span> <span class='ocrx_word' id='word_1_161' title='bbox 1018 1260 1104 1297; x_wconf 87' lang='grc' dir='ltr'><em>τιῦν</em></span> <span class='ocrx_word' id='word_1_162' title='bbox 1144 1253 1228 1296; x_wconf 73' lang='grc' dir='ltr'><em>ἀνὰ</em></span> <span class='ocrx_word' id='word_1_163' title='bbox 1262 1254 1340 1308; x_wconf 75' lang='grc' dir='ltr'><em>τὴν</em></span> <span class='ocrx_word' id='word_1_164' title='bbox 1372 1254 1503 1296; x_wconf 88' lang='grc' dir='ltr'><em>πόλιν</em></span> <span class='ocrx_word' id='word_1_165' title='bbox 1536 1253 1888 1297; x_wconf 85' lang='grc' dir='ltr'><em>ἐπιλελοιπότων</em></span> 
     </span>
     <span class='ocr_line' id='line_1_23' title="bbox 241 1320 1889 1380; baseline -0.002 -15"><span class='ocrx_word' id='word_1_166' title='bbox 241 1323 511 1380; x_wconf 77' lang='grc' dir='ltr'><em>εὐπόρησεν,</em></span> <span class='ocrx_word' id='word_1_167' title='bbox 558 1324 712 1378; x_wconf 70' lang='grc' dir='ltr'><em>ἕρπειν</em></span> <span class='ocrx_word' id='word_1_168' title='bbox 751 1324 805 1365; x_wconf 83' lang='grc' dir='ltr'><em>τὰ</em></span> <span class='ocrx_word' id='word_1_169' title='bbox 844 1323 988 1365; x_wconf 81' lang='grc' dir='ltr'><em>πολλὰ</em></span> <span class='ocrx_word' id='word_1_170' title='bbox 1027 1320 1149 1377; x_wconf 77' lang='grc' dir='ltr'><em>παρά</em></span> <span class='ocrx_word' id='word_1_171' title='bbox 1186 1321 1266 1371; x_wconf 85' lang='grc' dir='ltr'><em>τὰς</em></span> <span class='ocrx_word' id='word_1_172' title='bbox 1306 1321 1506 1376; x_wconf 84' lang='grc' dir='ltr'><em>φυλακὰς</em></span> <span class='ocrx_word' id='word_1_173' title='bbox 1546 1321 1757 1371; x_wconf 80' lang='grc' dir='ltr'><em>κελεύσας</em></span> <span class='ocrx_word' id='word_1_174' title='bbox 1794 1329 1889 1370; x_wconf 88' lang='grc' dir='ltr'><em>τοῖς</em></span> 
     </span>
     <span class='ocr_line' id='line_1_24' title="bbox 239 1386 1890 1443; baseline -0.004 -10"><span class='ocrx_word' id='word_1_175' title='bbox 239 1391 431 1443; x_wconf 76' lang='grc' dir='ltr'><em>ἐξιοῦσιν</em></span> <span class='ocrx_word' id='word_1_176' title='bbox 470 1393 543 1433; x_wconf 81' lang='grc' dir='ltr'><em>καὶ</em></span> <span class='ocrx_word' id='word_1_177' title='bbox 582 1390 636 1432; x_wconf 80' lang='grc' dir='ltr'><em>τά</em></span> <span class='ocrx_word' id='word_1_178' title='bbox 676 1393 790 1433; x_wconf 79' lang='grc' dir='ltr'><em>νῶτα</em></span> <span class='ocrx_word' id='word_1_179' title='bbox 830 1390 1066 1432; x_wconf 67' lang='grc' dir='ltr'><em>καλύπτειν</em></span> <span class='ocrx_word' id='word_1_180' title='bbox 1104 1389 1304 1440; x_wconf 85' lang='grc' dir='ltr'><em>νάκεσιν,</em></span> <span class='ocrx_word' id='word_1_181' title='bbox 1345 1386 1404 1438; x_wconf 79' lang='grc' dir='ltr'><em>ὥς</em></span> <span class='ocrx_word' id='word_1_182' title='bbox 1444 1388 1484 1431; x_wconf 79' lang='grc' dir='ltr'><em>εἰ</em></span> <span class='ocrx_word' id='word_1_183' title='bbox 1515 1390 1588 1430; x_wconf 83' lang='grc' dir='ltr'><em>καὶ</em></span> <span class='ocrx_word' id='word_1_184' title='bbox 1619 1387 1793 1430; x_wconf 86' lang='grc' dir='ltr'><em>κατίδοι</em></span> <span class='ocrx_word' id='word_1_185' title='bbox 1822 1403 1890 1437; x_wconf 90' lang='grc' dir='ltr'><em>τις</em></span> 
     </span>
     <span class='ocr_line' id='line_1_25' title="bbox 240 1454 1891 1513; baseline -0.001 -15"><span class='ocrx_word' id='word_1_186' title='bbox 240 1456 399 1507; x_wconf 69' lang='grc' dir='ltr'><em>αὐτοὺς</em></span> <span class='ocrx_word' id='word_1_187' title='bbox 429 1458 612 1512; x_wconf 85' lang='grc' dir='ltr'><em>νύκτωρ,</em></span> <span class='ocrx_word' id='word_1_188' title='bbox 645 1462 892 1513; x_wconf 79' lang='grc' dir='ltr'><em>φαντασίαν</em></span> <span class='ocrx_word' id='word_1_189' title='bbox 921 1461 1160 1512; x_wconf 85' lang='grc' dir='ltr'><em>παρέχοιεν</em></span> <span class='ocrx_word' id='word_1_190' title='bbox 1192 1461 1352 1507; x_wconf 79' lang='grc' dir='ltr'><em>κυνῶν,</em></span> <span class='ocrx_word' id='word_1_191' title='bbox 1384 1459 1509 1509; x_wconf 77' lang='grc' dir='ltr'><em>μέχρι</em></span> <span class='ocrx_word' id='word_1_192' title='bbox 1541 1454 1891 1508; x_wconf 84' lang='grc' dir='ltr'><em>συναισθόμενοι</em></span> 
     </span>
     <span class='ocr_line' id='line_1_26' title="bbox 241 1522 1563 1580; baseline -0.003 -13"><span class='ocrx_word' id='word_1_193' title='bbox 241 1525 318 1579; x_wconf 53' lang='grc' dir='ltr'><em>την</em></span> <span class='ocrx_word' id='word_1_194' title='bbox 351 1524 551 1567; x_wconf 84' lang='grc' dir='ltr'><em>ἐπίνοιαν</em></span> <span class='ocrx_word' id='word_1_195' title='bbox 584 1526 625 1567; x_wconf 81' lang='grc' dir='ltr'><em>οἱ</em></span> <span class='ocrx_word' id='word_1_196' title='bbox 658 1527 847 1580; x_wconf 81' lang='grc' dir='ltr'><em>φρουροὶ</em></span> <span class='ocrx_word' id='word_1_197' title='bbox 880 1529 1187 1578; x_wconf 89' lang='grc' dir='ltr'><em>περιίσχουσιν</em></span> <span class='ocrx_word' id='word_1_198' title='bbox 1218 1523 1296 1579; x_wconf 83' lang='grc' dir='ltr'><em>τὴν</em></span> <span class='ocrx_word' id='word_1_199' title='bbox 1326 1522 1563 1577; x_wconf 89' lang='grc' dir='ltr'><em>χαράδραν.</em></span> 
     </span>
    </p>

    <p class='ocr_par' dir='ltr' id='par_1_10' title="bbox 243 1587 1893 1714">
     <span class='ocr_line' id='line_1_27' title="bbox 358 1587 1893 1646; baseline -0.002 -12"><span class='ocrx_word' id='word_1_200' title='bbox 358 1597 422 1635; x_wconf 84' lang='grc'><strong>15.</strong></span> <span class='ocrx_word' id='word_1_201' title='bbox 452 1594 542 1634; x_wconf 84' lang='grc' dir='ltr'><em>Καὶ</em></span> <span class='ocrx_word' id='word_1_202' title='bbox 568 1591 673 1633; x_wconf 73' lang='grc' dir='ltr'><em>τόθ’</em></span> <span class='ocrx_word' id='word_1_203' title='bbox 708 1589 958 1646; x_wconf 76' lang='grc' dir='ltr'><em>ὁἸώσηπος</em></span> <span class='ocrx_word' id='word_1_204' title='bbox 989 1592 1068 1643; x_wconf 79' lang='grc' dir='ltr'><em>μὲν</em></span> <span class='ocrx_word' id='word_1_205' title='bbox 1099 1591 1177 1646; x_wconf 79' lang='grc' dir='ltr'><em>τὴν</em></span> <span class='ocrx_word' id='word_1_206' title='bbox 1209 1590 1341 1632; x_wconf 86' lang='grc' dir='ltr'><em>πόλιν</em></span> <span class='ocrx_word' id='word_1_207' title='bbox 1373 1589 1448 1632; x_wconf 70' lang='grc' dir='ltr'><em>οῦκ</em></span> <span class='ocrx_word' id='word_1_208' title='bbox 1482 1589 1546 1640; x_wconf 81' lang='grc' dir='ltr'><em>εἷς</em></span> <span class='ocrx_word' id='word_1_209' title='bbox 1576 1589 1748 1644; x_wconf 79' lang='grc' dir='ltr'><em>μακρὰν</em></span> <span class='ocrx_word' id='word_1_210' title='bbox 1779 1587 1893 1643; x_wconf 78' lang='grc' dir='ltr'><em>ὁρῶν</em></span> 
     </span>
     <span class='ocr_line' id='line_1_28' title="bbox 243 1656 1893 1714; baseline -0.002 -13"><span class='ocrx_word' id='word_1_211' title='bbox 243 1658 470 1711; x_wconf 80' lang='grc' dir='ltr'><em>ἀνθέξειν,</em></span> <span class='ocrx_word' id='word_1_212' title='bbox 513 1659 558 1702; x_wconf 88' lang='grc' dir='ltr'><em>ἐν</em></span> <span class='ocrx_word' id='word_1_213' title='bbox 599 1658 753 1713; x_wconf 77' lang='grc' dir='ltr'><em>ἀπόρῳ</em></span> <span class='ocrx_word' id='word_1_214' title='bbox 796 1659 841 1701; x_wconf 77' lang='grc' dir='ltr'><em>δὲ</em></span> <span class='ocrx_word' id='word_1_215' title='bbox 878 1659 953 1714; x_wconf 77' lang='grc' dir='ltr'><em>τὴν</em></span> <span class='ocrx_word' id='word_1_216' title='bbox 985 1658 1152 1701; x_wconf 79' lang='grc' dir='ltr'><em>ἑαυτῶν</em></span> <span class='ocrx_word' id='word_1_217' title='bbox 1184 1661 1404 1712; x_wconf 88' lang='grc' dir='ltr'><em>σωτηρίαν</em></span> <span class='ocrx_word' id='word_1_218' title='bbox 1437 1657 1478 1699; x_wconf 80' lang='grc' dir='ltr'><em>εἰ</em></span> <span class='ocrx_word' id='word_1_219' title='bbox 1506 1661 1652 1710; x_wconf 78' lang='grc' dir='ltr'><em>με’νοι,</em></span> <span class='ocrx_word' id='word_1_220' title='bbox 1696 1656 1893 1710; x_wconf 82' lang='grc' dir='ltr'><em>δρασμὸν</em></span> 
     </span>
    </p>
   </div>
   <div class='ocr_carea' id='block_1_9' title="bbox 248 1733 1522 1748">
    <p class='ocr_par' dir='ltr' id='par_1_11' title="bbox 248 1733 1522 1748">
     <span class='ocr_line' id='line_1_29' title="bbox 248 1733 1522 1748; baseline 0 0"><span class='ocrx_word' id='word_1_221' title='bbox 248 1733 1522 1748; x_wconf 95' lang='lat' dir='ltr'><em> </em></span> 
     </span>
    </p>
   </div>
   <div class='ocr_carea' id='block_1_10' title="bbox 243 1767 1899 2938">
    <p class='ocr_par' dir='ltr' id='par_1_12' title="bbox 244 1767 1892 1873">
     <span class='ocr_line' id='line_1_30' title="bbox 355 1767 1892 1816; baseline 0.001 -11"><span class='ocrx_word' id='word_1_222' title='bbox 355 1770 894 1815; x_wconf 78' lang='lat' dir='ltr'><strong>PAMLVRCLatHegesippus</strong></span> <span class='ocrx_word' id='word_1_223' title='bbox 926 1769 980 1803; x_wconf 91' lang='lat' dir='ltr'><em>III</em></span> <span class='ocrx_word' id='word_1_224' title='bbox 1008 1772 1046 1803; x_wconf 94' lang='lat'>10</span> <span class='ocrx_word' id='word_1_225' title='bbox 1076 1781 1111 1814; x_wconf 88' lang='lat' dir='ltr'><em>p.</em></span> <span class='ocrx_word' id='word_1_226' title='bbox 1140 1771 1201 1804; x_wconf 83' lang='grc'><strong>189</strong></span> <span class='ocrx_word' id='word_1_227' title='bbox 1233 1769 1322 1803; x_wconf 85' lang='lat' dir='ltr'><strong>Exc.</strong></span> <span class='ocrx_word' id='word_1_228' title='bbox 1348 1768 1534 1803; x_wconf 76' lang='lat' dir='ltr'>Poliorcet.</span> <span class='ocrx_word' id='word_1_229' title='bbox 1593 1768 1721 1803; x_wconf 88' lang='lat' dir='ltr'>Suidas</span> <span class='ocrx_word' id='word_1_230' title='bbox 1753 1779 1780 1804; x_wconf 88' lang='lat' dir='ltr'><em>s.</em></span> <span class='ocrx_word' id='word_1_231' title='bbox 1816 1767 1892 1816; x_wconf 83' lang='grc' dir='ltr'><em>πρὸ</em></span> 
     </span>
     <span class='ocr_line' id='line_1_31' title="bbox 244 1825 513 1873; baseline -0.011 -9"><span class='ocrx_word' id='word_1_232' title='bbox 244 1831 364 1873; x_wconf 80' lang='grc' dir='ltr'><em>λιμοῦ,</em></span> <span class='ocrx_word' id='word_1_233' title='bbox 389 1825 513 1868; x_wconf 82' lang='grc' dir='ltr'><em>νάκος.</em></span> 
     </span>
    </p>

    <p class='ocr_par' dir='ltr' id='par_1_13' title="bbox 243 1877 1899 2938">
     <span class='ocr_line' id='line_1_32' title="bbox 358 1877 1762 1930; baseline -0.002 -12"><span class='ocrx_word' id='word_1_234' title='bbox 358 1887 377 1918; x_wconf 79' lang='grc'>2</span> <span class='ocrx_word' id='word_1_235' title='bbox 413 1884 451 1920; x_wconf 73' lang='grc' dir='ltr'><em>δὲ</em></span> <span class='ocrx_word' id='word_1_236' title='bbox 478 1879 666 1930; x_wconf 78' lang='grc' dir='ltr'><em>Ἰώσηπος]</em></span> <span class='ocrx_word' id='word_1_237' title='bbox 703 1878 739 1918; x_wconf 74' lang='grc' dir='ltr'><em>δ’</em></span> <span class='ocrx_word' id='word_1_238' title='bbox 776 1879 996 1927; x_wconf 76' lang='grc' dir='ltr'><em>ϊσωσῆπροσ</em></span> <span class='ocrx_word' id='word_1_239' title='bbox 1030 1880 1107 1914; x_wconf 80' lang='lat' dir='ltr'><em>Exc</em></span> <span class='ocrx_word' id='word_1_240' title='bbox 1243 1877 1390 1921; x_wconf 83' lang='grc' dir='ltr'><em>κλάσαι]</em></span> <span class='ocrx_word' id='word_1_241' title='bbox 1426 1877 1561 1916; x_wconf 83' lang='grc' dir='ltr'><em>κλάσαι</em></span> <span class='ocrx_word' id='word_1_242' title='bbox 1595 1879 1664 1923; x_wconf 77' lang='grc' dir='ltr'><em>μὲν</em></span> <span class='ocrx_word' id='word_1_243' title='bbox 1695 1880 1762 1915; x_wconf 89' lang='lat' dir='ltr'><em>VR</em></span> 
     </span>
     <span class='ocr_line' id='line_1_33' title="bbox 243 1933 1795 1981; baseline -0.003 -4"><span class='ocrx_word' id='word_1_244' title='bbox 243 1940 374 1977; x_wconf 78' lang='grc' dir='ltr'><em>ἐλπίδα</em></span> <span class='ocrx_word' id='word_1_245' title='bbox 393 1960 403 1966; x_wconf 91' lang='grc'>-</span> <span class='ocrx_word' id='word_1_246' title='bbox 421 1940 446 1974; x_wconf 89' lang='lat' dir='ltr'>C</span> <span class='ocrx_word' id='word_1_247' title='bbox 551 1936 675 1976; x_wconf 73' lang='grc' dir='ltr'><em>αὐτῶν</em></span> <span class='ocrx_word' id='word_1_248' title='bbox 699 1948 742 1973; x_wconf 87' lang='lat' dir='ltr'><em>ex</em></span> <span class='ocrx_word' id='word_1_249' title='bbox 766 1949 856 1973; x_wconf 87' lang='lat' dir='ltr'>corr.</span> <span class='ocrx_word' id='word_1_250' title='bbox 874 1938 908 1973; x_wconf 88' lang='lat' dir='ltr'>R</span> <span class='ocrx_word' id='word_1_251' title='bbox 1011 1940 1030 1971; x_wconf 88' lang='lat'><strong>3</strong></span> <span class='ocrx_word' id='word_1_252' title='bbox 1055 1936 1197 1972; x_wconf 79' lang='grc' dir='ltr'><em>κελεύει</em></span> <span class='ocrx_word' id='word_1_253' title='bbox 1213 1955 1236 1978; x_wconf 85' lang='grc'><em>·,</em></span> <span class='ocrx_word' id='word_1_254' title='bbox 1262 1945 1351 1970; x_wconf 83' lang='lat' dir='ltr'>eras.</span> <span class='ocrx_word' id='word_1_255' title='bbox 1378 1949 1398 1971; x_wconf 92' lang='grc' dir='ltr'><em>ν</em></span> <span class='ocrx_word' id='word_1_256' title='bbox 1414 1936 1446 1970; x_wconf 90' lang='lat' dir='ltr'><strong>V</strong></span> <span class='ocrx_word' id='word_1_257' title='bbox 1549 1933 1739 1981; x_wconf 85' lang='grc' dir='ltr'><em>πλήστουσ</em></span> <span class='ocrx_word' id='word_1_258' title='bbox 1762 1937 1795 1971; x_wconf 87' lang='lat' dir='ltr'>R</span> 
     </span>
     <span class='ocr_line' id='line_1_34' title="bbox 246 1989 1895 2041; baseline -0.003 -8"><span class='ocrx_word' id='word_1_259' title='bbox 246 1995 291 2034; x_wconf 82' lang='grc' dir='ltr'><em>τὰ</em></span> <span class='ocrx_word' id='word_1_260' title='bbox 310 2008 378 2032; x_wconf 90' lang='lat' dir='ltr'><em>om.</em></span> <span class='ocrx_word' id='word_1_261' title='bbox 396 1997 429 2031; x_wconf 87' lang='lat' dir='ltr'><strong>V</strong></span> <span class='ocrx_word' id='word_1_262' title='bbox 519 1996 816 2041; x_wconf 77' lang='grc' dir='ltr'><em>κατακρεμάσαι,</em></span> <span class='ocrx_word' id='word_1_263' title='bbox 841 2007 863 2029; x_wconf 92' lang='grc' dir='ltr'><em>σ</em></span> <span class='ocrx_word' id='word_1_264' title='bbox 881 2004 925 2028; x_wconf 81' lang='lat' dir='ltr'><em>ex</em></span> <span class='ocrx_word' id='word_1_265' title='bbox 943 2007 962 2029; x_wconf 88' lang='grc' dir='ltr'><em>ν</em></span> <span class='ocrx_word' id='word_1_266' title='bbox 981 2003 1070 2028; x_wconf 85' lang='lat' dir='ltr'>corr.</span> <span class='ocrx_word' id='word_1_267' title='bbox 1089 1993 1127 2027; x_wconf 90' lang='lat' dir='ltr'>M</span> <span class='ocrx_word' id='word_1_268' title='bbox 1151 1993 1449 2037; x_wconf 83' lang='grc' dir='ltr'><em>κατακρημνίσαι</em></span> <span class='ocrx_word' id='word_1_269' title='bbox 1466 1992 1495 2025; x_wconf 89' lang='lat' dir='ltr'>L</span> <span class='ocrx_word' id='word_1_270' title='bbox 1520 2005 1714 2039; x_wconf 86' lang='grc' dir='ltr'><em>κατακρεμ</em></span> <span class='ocrx_word' id='word_1_271' title='bbox 1729 2012 1737 2018; x_wconf 89' lang='grc'>·</span> <span class='ocrx_word' id='word_1_272' title='bbox 1755 1989 1844 2028; x_wconf 85' lang='grc' dir='ltr'><em>άσαι</em></span> <span class='ocrx_word' id='word_1_273' title='bbox 1869 1993 1895 2028; x_wconf 84' lang='lat' dir='ltr'>O</span> 
     </span>
     <span class='ocr_line' id='line_1_35' title="bbox 245 2049 1896 2101; baseline -0.004 -11"><span class='ocrx_word' id='word_1_274' title='bbox 245 2066 552 2101; x_wconf 78' lang='grc' dir='ltr'><em>κατακρημνησαι</em></span> <span class='ocrx_word' id='word_1_275' title='bbox 582 2053 663 2086; x_wconf 80' lang='lat' dir='ltr'><em>Exe</em></span> <span class='ocrx_word' id='word_1_276' title='bbox 800 2054 819 2084; x_wconf 71' lang='lat'>4</span> <span class='ocrx_word' id='word_1_277' title='bbox 856 2053 1093 2097; x_wconf 74' lang='grc' dir='ltr'><em>περιρεῖσθαι</em></span> <span class='ocrx_word' id='word_1_278' title='bbox 1121 2049 1149 2082; x_wconf 90' lang='lat' dir='ltr'>P</span> <span class='ocrx_word' id='word_1_279' title='bbox 1181 2052 1460 2095; x_wconf 77' lang='grc' dir='ltr'><em>περιρρεῖσθαι,</em></span> <span class='ocrx_word' id='word_1_280' title='bbox 1497 2063 1508 2083; x_wconf 87' lang='grc' dir='ltr'><em>ι</em></span> <span class='ocrx_word' id='word_1_281' title='bbox 1540 2051 1623 2083; x_wconf 82' lang='lat' dir='ltr'>ante</span> <span class='ocrx_word' id='word_1_282' title='bbox 1654 2062 1675 2094; x_wconf 88' lang='grc' dir='ltr'><em>ρ</em></span> <span class='ocrx_word' id='word_1_283' title='bbox 1709 2049 1825 2092; x_wconf 87' lang='lat' dir='ltr'><strong>suppl.</strong></span> <span class='ocrx_word' id='word_1_284' title='bbox 1856 2051 1896 2083; x_wconf 83' lang='lat' dir='ltr'><em>ut</em></span> 
     </span>
     <span class='ocr_line' id='line_1_36' title="bbox 246 2102 1804 2153; baseline -0.004 -8"><span class='ocrx_word' id='word_1_285' title='bbox 246 2111 316 2145; x_wconf 89' lang='lat' dir='ltr'><strong>uid.</strong></span> <span class='ocrx_word' id='word_1_286' title='bbox 349 2122 394 2144; x_wconf 91' lang='lat' dir='ltr'><em>m.</em></span> <span class='ocrx_word' id='word_1_287' title='bbox 431 2113 446 2145; x_wconf 89' lang='lat'>1</span> <span class='ocrx_word' id='word_1_288' title='bbox 473 2109 502 2143; x_wconf 93' lang='lat' dir='ltr'>L</span> <span class='ocrx_word' id='word_1_289' title='bbox 640 2102 838 2153; x_wconf 73' lang='grc' dir='ltr'><em>ἐξάπείνησ</em></span> <span class='ocrx_word' id='word_1_290' title='bbox 849 2106 860 2151; x_wconf 81' lang='grc' dir='ltr'>Η</span> <span class='ocrx_word' id='word_1_291' title='bbox 875 2106 957 2140; x_wconf 85' lang='lat' dir='ltr'>finis</span> <span class='ocrx_word' id='word_1_292' title='bbox 989 2107 1234 2149; x_wconf 79' lang='lat' dir='ltr'><strong>excerptorum</strong></span> <span class='ocrx_word' id='word_1_293' title='bbox 1257 2104 1408 2139; x_wconf 82' lang='lat' dir='ltr'>Poliorc.</span> <span class='ocrx_word' id='word_1_294' title='bbox 1525 2108 1543 2138; x_wconf 88' lang='grc'>5</span> <span class='ocrx_word' id='word_1_295' title='bbox 1569 2106 1682 2140; x_wconf 83' lang='grc' dir='ltr'><em>τοῦτο</em></span> <span class='ocrx_word' id='word_1_296' title='bbox 1708 2103 1804 2138; x_wconf 87' lang='lat' dir='ltr'><em>VRC</em></span> 
     </span>
     <span class='ocr_line' id='line_1_37' title="bbox 248 2158 1796 2213; baseline -0.006 -12"><span class='ocrx_word' id='word_1_297' title='bbox 248 2171 266 2201; x_wconf 84' lang='grc'>6</span> <span class='ocrx_word' id='word_1_298' title='bbox 290 2164 439 2213; x_wconf 68' lang='grc' dir='ltr'><em>χλεύην,</em></span> <span class='ocrx_word' id='word_1_299' title='bbox 470 2180 513 2212; x_wconf 85' lang='grc' dir='ltr'><em>υη</em></span> <span class='ocrx_word' id='word_1_300' title='bbox 536 2166 559 2200; x_wconf 88' lang='lat' dir='ltr'><em>i.</em></span> <span class='ocrx_word' id='word_1_301' title='bbox 584 2175 654 2200; x_wconf 85' lang='lat' dir='ltr'>ras.</span> <span class='ocrx_word' id='word_1_302' title='bbox 680 2175 726 2198; x_wconf 92' lang='lat' dir='ltr'><em>m.</em></span> <span class='ocrx_word' id='word_1_303' title='bbox 753 2167 770 2197; x_wconf 83' lang='lat'>2</span> <span class='ocrx_word' id='word_1_304' title='bbox 795 2163 826 2197; x_wconf 91' lang='lat' dir='ltr'>L</span> <span class='ocrx_word' id='word_1_305' title='bbox 930 2163 1279 2208; x_wconf 84' lang='grc' dir='ltr'><em>παραναλίσκοντεσ</em></span> <span class='ocrx_word' id='word_1_306' title='bbox 1302 2161 1335 2195; x_wconf 89' lang='lat' dir='ltr'><strong>V</strong></span> <span class='ocrx_word' id='word_1_307' title='bbox 1438 2164 1455 2194; x_wconf 79' lang='grc' dir='ltr'><em>ἰ’</em></span> <span class='ocrx_word' id='word_1_308' title='bbox 1482 2158 1709 2206; x_wconf 82' lang='grc' dir='ltr'><em>άπογνῶντα</em></span> <span class='ocrx_word' id='word_1_309' title='bbox 1733 2159 1796 2193; x_wconf 93' lang='lat' dir='ltr'><em>PA</em></span> 
     </span>
     <span class='ocr_line' id='line_1_38' title="bbox 249 2215 1786 2269; baseline -0.006 -11"><span class='ocrx_word' id='word_1_310' title='bbox 249 2227 289 2258; x_wconf 87' lang='grc'><em>10</em></span> <span class='ocrx_word' id='word_1_311' title='bbox 315 2220 448 2269; x_wconf 82' lang='grc' dir='ltr'><em>πρὸ-</em></span> <span class='ocrx_word' id='word_1_312' title='bbox 466 2221 628 2269; x_wconf 78' lang='grc' dir='ltr'><em>ᾑροῦντο</em></span> <span class='ocrx_word' id='word_1_313' title='bbox 654 2221 763 2255; x_wconf 80' lang='lat' dir='ltr'>habet</span> <span class='ocrx_word' id='word_1_314' title='bbox 787 2219 914 2254; x_wconf 83' lang='lat' dir='ltr'>Suidas</span> <span class='ocrx_word' id='word_1_315' title='bbox 939 2230 967 2253; x_wconf 84' lang='lat' dir='ltr'><em>s.</em></span> <span class='ocrx_word' id='word_1_316' title='bbox 991 2215 1067 2264; x_wconf 88' lang='grc' dir='ltr'><em>πρὸ</em></span> <span class='ocrx_word' id='word_1_317' title='bbox 1094 2220 1201 2262; x_wconf 87' lang='grc' dir='ltr'><em>λιμοῦ</em></span> <span class='ocrx_word' id='word_1_318' title='bbox 1318 2219 1356 2251; x_wconf 91' lang='grc'><em>11</em></span> <span class='ocrx_word' id='word_1_319' title='bbox 1382 2215 1423 2252; x_wconf 81' lang='grc' dir='ltr'><em>ἐν</em></span> <span class='ocrx_word' id='word_1_320' title='bbox 1447 2219 1501 2264; x_wconf 78' lang='grc' dir='ltr'><em>τῷ</em></span> <span class='ocrx_word' id='word_1_321' title='bbox 1524 2215 1676 2263; x_wconf 77' lang='grc' dir='ltr'><em>πολέμῳ</em></span> <span class='ocrx_word' id='word_1_322' title='bbox 1700 2215 1786 2250; x_wconf 85' lang='lat' dir='ltr'>Suid</span> 
     </span>
     <span class='ocr_line' id='line_1_39' title="bbox 251 2269 1898 2325; baseline -0.003 -12"><span class='ocrx_word' id='word_1_323' title='bbox 251 2283 289 2314; x_wconf 74' lang='lat'>12</span> <span class='ocrx_word' id='word_1_324' title='bbox 314 2277 511 2325; x_wconf 73' lang='grc' dir='ltr'><em>ἐνενόησεν</em></span> <span class='ocrx_word' id='word_1_325' title='bbox 534 2277 635 2312; x_wconf 87' lang='grc' dir='ltr'><em>ΡΑΜ</em></span> <span class='ocrx_word' id='word_1_326' title='bbox 660 2273 868 2322; x_wconf 76' lang='grc' dir='ltr'><em>ἁνενόησεν</em></span> <span class='ocrx_word' id='word_1_327' title='bbox 892 2275 923 2310; x_wconf 92' lang='lat' dir='ltr'><strong>V</strong></span> <span class='ocrx_word' id='word_1_328' title='bbox 947 2274 1174 2319; x_wconf 68' lang='lat' dir='ltr'><em>ecccoyitauz&#39;t</em></span> <span class='ocrx_word' id='word_1_329' title='bbox 1197 2274 1267 2307; x_wconf 83' lang='lat' dir='ltr'><em>Lat</em></span> <span class='ocrx_word' id='word_1_330' title='bbox 1400 2269 1616 2319; x_wconf 80' lang='grc' dir='ltr'><em>χαράδρασ,</em></span> <span class='ocrx_word' id='word_1_331' title='bbox 1640 2272 1738 2316; x_wconf 87' lang='lat' dir='ltr'><strong>prius</strong></span> <span class='ocrx_word' id='word_1_332' title='bbox 1764 2286 1785 2317; x_wconf 88' lang='grc' dir='ltr'><em>ρ</em></span> <span class='ocrx_word' id='word_1_333' title='bbox 1810 2282 1853 2307; x_wconf 85' lang='lat' dir='ltr'><em>ex</em></span> <span class='ocrx_word' id='word_1_334' title='bbox 1877 2276 1898 2308; x_wconf 81' lang='grc' dir='ltr'><em>λ</em></span> 
     </span>
     <span class='ocr_line' id='line_1_40' title="bbox 249 2325 1784 2375; baseline -0.006 -4"><span class='ocrx_word' id='word_1_335' title='bbox 249 2346 340 2370; x_wconf 87' lang='lat' dir='ltr'><strong>corr.</strong></span> <span class='ocrx_word' id='word_1_336' title='bbox 366 2337 398 2369; x_wconf 94' lang='lat' dir='ltr'>A</span> <span class='ocrx_word' id='word_1_337' title='bbox 514 2338 554 2369; x_wconf 87' lang='lat'>13</span> <span class='ocrx_word' id='word_1_338' title='bbox 588 2337 701 2370; x_wconf 86' lang='grc' dir='ltr'><em>τοῦτο</em></span> <span class='ocrx_word' id='word_1_339' title='bbox 727 2332 853 2367; x_wconf 80' lang='lat' dir='ltr'><em>LVRC</em></span> <span class='ocrx_word' id='word_1_340' title='bbox 968 2326 1225 2375; x_wconf 70' lang='grc' dir='ltr'><em>άμελουμεῖνησ</em></span> <span class='ocrx_word' id='word_1_341' title='bbox 1256 2330 1319 2364; x_wconf 82' lang='grc' dir='ltr'><em>καὶ</em></span> <span class='ocrx_word' id='word_1_342' title='bbox 1347 2325 1444 2364; x_wconf 78' lang='grc' dir='ltr'><em>κατὰ</em></span> <span class='ocrx_word' id='word_1_343' title='bbox 1468 2331 1543 2369; x_wconf 86' lang='grc' dir='ltr'><em>(καὶ</em></span> <span class='ocrx_word' id='word_1_344' title='bbox 1567 2328 1734 2369; x_wconf 84' lang='lat' dir='ltr'>deletum)</span> <span class='ocrx_word' id='word_1_345' title='bbox 1759 2327 1784 2362; x_wconf 89' lang='lat' dir='ltr'>C</span> 
     </span>
     <span class='ocr_line' id='line_1_41' title="bbox 249 2381 1785 2433; baseline -0.007 -5"><span class='ocrx_word' id='word_1_346' title='bbox 249 2389 294 2428; x_wconf 80' lang='grc' dir='ltr'><em>τὰ</em></span> <span class='ocrx_word' id='word_1_347' title='bbox 312 2411 321 2417; x_wconf 87' lang='lat'><strong>·</strong></span> <span class='ocrx_word' id='word_1_348' title='bbox 339 2391 365 2426; x_wconf 91' lang='lat' dir='ltr'>C</span> <span class='ocrx_word' id='word_1_349' title='bbox 476 2395 516 2425; x_wconf 77' lang='lat'>14</span> <span class='ocrx_word' id='word_1_350' title='bbox 550 2387 624 2433; x_wconf 71' lang='grc' dir='ltr'><em>οὓς]</em></span> <span class='ocrx_word' id='word_1_351' title='bbox 658 2386 718 2425; x_wconf 77' lang='grc' dir='ltr'><em>οῗσ</em></span> <span class='ocrx_word' id='word_1_352' title='bbox 742 2389 811 2423; x_wconf 88' lang='grc' dir='ltr'><em>ΡΜ</em></span> <span class='ocrx_word' id='word_1_353' title='bbox 843 2381 929 2428; x_wconf 75' lang='grc' dir='ltr'><em>οἶσ,</em></span> <span class='ocrx_word' id='word_1_354' title='bbox 962 2400 982 2421; x_wconf 86' lang='grc' dir='ltr'><em>υ</em></span> <span class='ocrx_word' id='word_1_355' title='bbox 1011 2396 1056 2420; x_wconf 79' lang='lat' dir='ltr'><em>ex</em></span> <span class='ocrx_word' id='word_1_356' title='bbox 1080 2401 1091 2420; x_wconf 92' lang='grc' dir='ltr'><em>ι</em></span> <span class='ocrx_word' id='word_1_357' title='bbox 1116 2395 1207 2420; x_wconf 89' lang='lat' dir='ltr'><strong>corr.</strong></span> <span class='ocrx_word' id='word_1_358' title='bbox 1233 2385 1265 2418; x_wconf 93' lang='lat' dir='ltr'>A</span> <span class='ocrx_word' id='word_1_359' title='bbox 1381 2388 1421 2418; x_wconf 88' lang='lat'><em>15</em></span> <span class='ocrx_word' id='word_1_360' title='bbox 1445 2383 1625 2430; x_wconf 73' lang='grc' dir='ltr'><em>ἐβούλετο</em></span> <span class='ocrx_word' id='word_1_361' title='bbox 1650 2383 1785 2418; x_wconf 83' lang='lat' dir='ltr'><em>MVRO</em></span> 
     </span>
     <span class='ocr_line' id='line_1_42' title="bbox 250 2435 1896 2491; baseline -0.005 -7"><span class='ocrx_word' id='word_1_362' title='bbox 250 2446 332 2491; x_wconf 71' lang='grc' dir='ltr'><em>ἔξω]</em></span> <span class='ocrx_word' id='word_1_363' title='bbox 357 2447 397 2491; x_wconf 77' lang='grc' dir='ltr'><em>ἐξ</em></span> <span class='ocrx_word' id='word_1_364' title='bbox 417 2448 442 2482; x_wconf 89' lang='lat' dir='ltr'>C</span> <span class='ocrx_word' id='word_1_365' title='bbox 558 2446 742 2491; x_wconf 78' lang='grc' dir='ltr'><em>διεπέμψα</em></span> <span class='ocrx_word' id='word_1_366' title='bbox 761 2464 767 2471; x_wconf 87' lang='grc'><em>·</em></span> <span class='ocrx_word' id='word_1_367' title='bbox 788 2457 832 2480; x_wconf 87' lang='grc' dir='ltr'><em>το</em></span> <span class='ocrx_word' id='word_1_368' title='bbox 857 2446 890 2479; x_wconf 88' lang='grc' dir='ltr'><strong>Α</strong></span> <span class='ocrx_word' id='word_1_369' title='bbox 915 2442 1137 2486; x_wconf 78' lang='grc' dir='ltr'><em>διεπέμπετο</em></span> <span class='ocrx_word' id='word_1_370' title='bbox 1166 2441 1190 2474; x_wconf 91' lang='lat' dir='ltr'>C</span> <span class='ocrx_word' id='word_1_371' title='bbox 1306 2440 1595 2486; x_wconf 80' lang='grc' dir='ltr'><em>διεπέμψατο-</em></span> <span class='ocrx_word' id='word_1_372' title='bbox 1612 2443 1650 2474; x_wconf 80' lang='lat'>17</span> <span class='ocrx_word' id='word_1_373' title='bbox 1677 2435 1896 2486; x_wconf 74' lang='grc' dir='ltr'><em>εὐπόρησεν]</em></span> 
     </span>
     <span class='ocr_line' id='line_1_43' title="bbox 250 2495 1809 2544; baseline -0.006 -5"><span class='ocrx_word' id='word_1_374' title='bbox 250 2505 293 2538; x_wconf 76' lang='grc' dir='ltr'><em>αἱ)</em></span> <span class='ocrx_word' id='word_1_375' title='bbox 320 2505 375 2539; x_wconf 63' lang='lat' dir='ltr'><em>leis*</em></span> <span class='ocrx_word' id='word_1_376' title='bbox 400 2505 520 2539; x_wconf 75' lang='lat' dir='ltr'><em>omnia</em></span> <span class='ocrx_word' id='word_1_377' title='bbox 544 2503 625 2537; x_wconf 77' lang='lat' dir='ltr'><em>usui</em></span> <span class='ocrx_word' id='word_1_378' title='bbox 650 2502 853 2537; x_wconf 74' lang='lat' dir='ltr'><strong><em>necessaria</em></strong></span> <span class='ocrx_word' id='word_1_379' title='bbox 877 2504 911 2534; x_wconf 84' lang='lat' dir='ltr'><em>et</em></span> <span class='ocrx_word' id='word_1_380' title='bbox 934 2508 1027 2544; x_wconf 79' lang='lat' dir='ltr'><em>quae</em></span> <span class='ocrx_word' id='word_1_381' title='bbox 1050 2497 1087 2530; x_wconf 83' lang='grc' dir='ltr'><em>ιή</em></span> <span class='ocrx_word' id='word_1_382' title='bbox 1112 2496 1260 2530; x_wconf 78' lang='lat' dir='ltr'><em>ciuitate</em></span> <span class='ocrx_word' id='word_1_383' title='bbox 1284 2495 1494 2540; x_wconf 76' lang='lat' dir='ltr'><em>defecerant</em></span> <span class='ocrx_word' id='word_1_384' title='bbox 1517 2495 1716 2541; x_wconf 77' lang='lat' dir='ltr'><em>accipiebat</em></span> <span class='ocrx_word' id='word_1_385' title='bbox 1739 2495 1809 2529; x_wconf 85' lang='lat' dir='ltr'><em>Lat</em></span> 
     </span>
     <span class='ocr_line' id='line_1_44' title="bbox 251 2547 1898 2606; baseline -0.008 -11"><span class='ocrx_word' id='word_1_386' title='bbox 251 2557 362 2606; x_wconf 69' lang='grc' dir='ltr'><em>ἔλαβε</em></span> <span class='ocrx_word' id='word_1_387' title='bbox 386 2560 492 2595; x_wconf 87' lang='lat' dir='ltr'><em>MVR</em></span> <span class='ocrx_word' id='word_1_388' title='bbox 632 2562 671 2593; x_wconf 85' lang='grc'><strong>16</strong></span> <span class='ocrx_word' id='word_1_389' title='bbox 703 2548 999 2594; x_wconf 75' lang='grc' dir='ltr'><em>ἐπιλελοιπότων</em></span> <span class='ocrx_word' id='word_1_390' title='bbox 1024 2547 1095 2589; x_wconf 80' lang='grc' dir='ltr'><em>άνά</em></span> <span class='ocrx_word' id='word_1_391' title='bbox 1123 2548 1190 2597; x_wconf 74' lang='grc' dir='ltr'><em>τὴν</em></span> <span class='ocrx_word' id='word_1_392' title='bbox 1214 2549 1324 2587; x_wconf 89' lang='grc' dir='ltr'><em>πόλιν</em></span> <span class='ocrx_word' id='word_1_393' title='bbox 1348 2555 1393 2586; x_wconf 83' lang='lat' dir='ltr'><em>tr.</em></span> <span class='ocrx_word' id='word_1_394' title='bbox 1418 2550 1512 2586; x_wconf 89' lang='lat' dir='ltr'><em>VRC</em></span> <span class='ocrx_word' id='word_1_395' title='bbox 1652 2554 1690 2584; x_wconf 80' lang='lat'>17</span> <span class='ocrx_word' id='word_1_396' title='bbox 1716 2548 1898 2597; x_wconf 74' lang='grc' dir='ltr'><em>ἕρπειν-</em></span> 
     </span>
     <span class='ocr_line' id='line_1_45' title="bbox 255 2605 1831 2652; baseline -0.006 -3"><span class='ocrx_word' id='word_1_397' title='bbox 255 2619 293 2650; x_wconf 89' lang='grc'><strong>19</strong></span> <span class='ocrx_word' id='word_1_398' title='bbox 318 2619 441 2651; x_wconf 73' lang='grc' dir='ltr'><em>κυνῶν</em></span> <span class='ocrx_word' id='word_1_399' title='bbox 464 2615 572 2650; x_wconf 83' lang='lat' dir='ltr'>habet</span> <span class='ocrx_word' id='word_1_400' title='bbox 596 2614 723 2648; x_wconf 85' lang='lat' dir='ltr'>Suidas</span> <span class='ocrx_word' id='word_1_401' title='bbox 749 2624 776 2647; x_wconf 86' lang='lat' dir='ltr'><em>s.</em></span> <span class='ocrx_word' id='word_1_402' title='bbox 803 2609 918 2652; x_wconf 78' lang='grc' dir='ltr'><em>νιὲκος</em></span> <span class='ocrx_word' id='word_1_403' title='bbox 940 2608 1104 2644; x_wconf 81' lang='lat' dir='ltr'>breuiata</span> <span class='ocrx_word' id='word_1_404' title='bbox 1177 2610 1216 2642; x_wconf 90' lang='lat'>18</span> <span class='ocrx_word' id='word_1_405' title='bbox 1241 2606 1411 2649; x_wconf 81' lang='grc' dir='ltr'><em>ἐξιοῦσιν]</em></span> <span class='ocrx_word' id='word_1_406' title='bbox 1438 2608 1591 2644; x_wconf 78' lang='grc' dir='ltr'><em>εἰσιοῦσι</em></span> <span class='ocrx_word' id='word_1_407' title='bbox 1616 2605 1831 2640; x_wconf 86' lang='lat' dir='ltr'><strong>LVROSuid</strong></span> 
     </span>
     <span class='ocr_line' id='line_1_46' title="bbox 252 2661 1808 2717; baseline -0.007 -10"><span class='ocrx_word' id='word_1_408' title='bbox 252 2670 406 2717; x_wconf 79' lang='grc' dir='ltr'><em>ῥάκεσιν</em></span> <span class='ocrx_word' id='word_1_409' title='bbox 430 2672 461 2705; x_wconf 93' lang='lat' dir='ltr'><strong>V</strong></span> <span class='ocrx_word' id='word_1_410' title='bbox 554 2668 605 2712; x_wconf 73' lang='grc' dir='ltr'><em>ὡς</em></span> <span class='ocrx_word' id='word_1_411' title='bbox 638 2670 683 2711; x_wconf 80' lang='grc' dir='ltr'><em>εἰ]</em></span> <span class='ocrx_word' id='word_1_412' title='bbox 715 2665 804 2705; x_wconf 77' lang='grc' dir='ltr'><em>ὡσεὶ</em></span> <span class='ocrx_word' id='word_1_413' title='bbox 828 2668 861 2702; x_wconf 85' lang='lat' dir='ltr'>R</span> <span class='ocrx_word' id='word_1_414' title='bbox 951 2666 1014 2701; x_wconf 76' lang='grc' dir='ltr'><em>καὶ</em></span> <span class='ocrx_word' id='word_1_415' title='bbox 1044 2674 1111 2698; x_wconf 88' lang='lat' dir='ltr'><em>om.</em></span> <span class='ocrx_word' id='word_1_416' title='bbox 1137 2663 1220 2698; x_wconf 85' lang='lat' dir='ltr'>Suid</span> <span class='ocrx_word' id='word_1_417' title='bbox 1316 2666 1354 2697; x_wconf 86' lang='lat'>19</span> <span class='ocrx_word' id='word_1_418' title='bbox 1382 2663 1501 2709; x_wconf 81' lang='grc' dir='ltr'><em>μέχρι]</em></span> <span class='ocrx_word' id='word_1_419' title='bbox 1526 2662 1634 2708; x_wconf 79' lang='grc' dir='ltr'><em>μέχρι</em></span> <span class='ocrx_word' id='word_1_420' title='bbox 1658 2661 1752 2697; x_wconf 78' lang='grc' dir='ltr'><em>ποτὲ</em></span> <span class='ocrx_word' id='word_1_421' title='bbox 1775 2661 1808 2696; x_wconf 89' lang='lat' dir='ltr'><strong>V</strong></span> 
     </span>
     <span class='ocr_line' id='line_1_47' title="bbox 254 2716 1896 2771; baseline -0.008 -8"><span class='ocrx_word' id='word_1_422' title='bbox 254 2725 562 2771; x_wconf 71' lang='grc' dir='ltr'><em>συναισθόμενοι,</em></span> <span class='ocrx_word' id='word_1_423' title='bbox 594 2739 656 2761; x_wconf 81' lang='grc' dir='ltr'><em>ιιισ</em></span> <span class='ocrx_word' id='word_1_424' title='bbox 679 2726 702 2760; x_wconf 91' lang='lat' dir='ltr'><em>i.</em></span> <span class='ocrx_word' id='word_1_425' title='bbox 727 2735 799 2760; x_wconf 80' lang='lat' dir='ltr'><strong>ras,</strong></span> <span class='ocrx_word' id='word_1_426' title='bbox 825 2724 959 2757; x_wconf 86' lang='lat' dir='ltr'>minore</span> <span class='ocrx_word' id='word_1_427' title='bbox 983 2722 1015 2755; x_wconf 94' lang='lat' dir='ltr'>A</span> <span class='ocrx_word' id='word_1_428' title='bbox 1152 2722 1193 2753; x_wconf 82' lang='lat'><em>20</em></span> <span class='ocrx_word' id='word_1_429' title='bbox 1218 2716 1484 2763; x_wconf 83' lang='grc' dir='ltr'><em>περισχήσουσι</em></span> <span class='ocrx_word' id='word_1_430' title='bbox 1509 2718 1536 2752; x_wconf 87' lang='lat' dir='ltr'>C</span> <span class='ocrx_word' id='word_1_431' title='bbox 1674 2719 1713 2751; x_wconf 85' lang='lat'>21</span> <span class='ocrx_word' id='word_1_432' title='bbox 1740 2717 1762 2751; x_wconf 94' lang='lat' dir='ltr'><em>i.</em></span> <span class='ocrx_word' id='word_1_433' title='bbox 1787 2726 1896 2760; x_wconf 82' lang='lat' dir='ltr'>marg.</span> 
     </span>
     <span class='ocr_line' id='line_1_48' title="bbox 253 2767 1897 2822; baseline -0.007 -4"><span class='ocrx_word' id='word_1_434' title='bbox 253 2781 295 2818; x_wconf 75' lang='grc' dir='ltr'><em>ιδ’</em></span> <span class='ocrx_word' id='word_1_435' title='bbox 327 2783 353 2816; x_wconf 91' lang='lat' dir='ltr'>C</span> <span class='ocrx_word' id='word_1_436' title='bbox 513 2779 603 2818; x_wconf 70' lang='grc' dir='ltr'><em>τόθ’</em></span> <span class='ocrx_word' id='word_1_437' title='bbox 638 2779 671 2822; x_wconf 79' lang='grc' dir='ltr'><em>ὃ]</em></span> <span class='ocrx_word' id='word_1_438' title='bbox 703 2776 814 2816; x_wconf 71' lang='grc' dir='ltr'><em>τοῦθ’</em></span> <span class='ocrx_word' id='word_1_439' title='bbox 848 2776 867 2815; x_wconf 79' lang='grc' dir='ltr'><em>ὃ</em></span> <span class='ocrx_word' id='word_1_440' title='bbox 901 2778 939 2811; x_wconf 87' lang='lat' dir='ltr'><strong>M</strong></span> <span class='ocrx_word' id='word_1_441' title='bbox 971 2772 1057 2813; x_wconf 81' lang='grc' dir='ltr'><em>τότ’</em></span> <span class='ocrx_word' id='word_1_442' title='bbox 1082 2775 1111 2809; x_wconf 86' lang='lat' dir='ltr'>L</span> <span class='ocrx_word' id='word_1_443' title='bbox 1145 2773 1233 2810; x_wconf 88' lang='grc' dir='ltr'><em>τότε</em></span> <span class='ocrx_word' id='word_1_444' title='bbox 1264 2774 1359 2809; x_wconf 85' lang='lat' dir='ltr'><em>VRC</em></span> <span class='ocrx_word' id='word_1_445' title='bbox 1525 2769 1694 2816; x_wconf 70' lang='grc' dir='ltr'><em>ἀνθέξειν</em></span> <span class='ocrx_word' id='word_1_446' title='bbox 1722 2767 1825 2817; x_wconf 77' lang='grc' dir='ltr'><em>ὁρῶν</em></span> <span class='ocrx_word' id='word_1_447' title='bbox 1853 2776 1897 2806; x_wconf 84' lang='lat' dir='ltr'><em>tr.</em></span> 
     </span>
     <span class='ocr_line' id='line_1_49' title="bbox 252 2825 1899 2884; baseline -0.005 -12"><span class='ocrx_word' id='word_1_448' title='bbox 252 2837 347 2872; x_wconf 89' lang='lat' dir='ltr'><em>VRC</em></span> <span class='ocrx_word' id='word_1_449' title='bbox 418 2841 459 2872; x_wconf 82' lang='lat'><em>22</em></span> <span class='ocrx_word' id='word_1_450' title='bbox 486 2833 628 2884; x_wconf 75' lang='grc' dir='ltr'><em>α’πορίιι</em></span> <span class='ocrx_word' id='word_1_451' title='bbox 649 2837 679 2871; x_wconf 90' lang='lat' dir='ltr'><strong>V</strong></span> <span class='ocrx_word' id='word_1_452' title='bbox 750 2835 884 2872; x_wconf 70' lang='grc' dir='ltr'><em>ἑαυτοῦ</em></span> <span class='ocrx_word' id='word_1_453' title='bbox 908 2831 1074 2869; x_wconf 81' lang='lat' dir='ltr'><strong>MLVRC</strong></span> <span class='ocrx_word' id='word_1_454' title='bbox 1145 2830 1178 2867; x_wconf 86' lang='grc' dir='ltr'><em>εἰ</em></span> <span class='ocrx_word' id='word_1_455' title='bbox 1200 2830 1319 2874; x_wconf 88' lang='grc' dir='ltr'><em>με’νοι]</em></span> <span class='ocrx_word' id='word_1_456' title='bbox 1345 2830 1379 2866; x_wconf 82' lang='grc' dir='ltr'><em>εἰ</em></span> <span class='ocrx_word' id='word_1_457' title='bbox 1400 2829 1501 2873; x_wconf 88' lang='grc' dir='ltr'><em>με’νει</em></span> <span class='ocrx_word' id='word_1_458' title='bbox 1527 2839 1569 2864; x_wconf 82' lang='lat' dir='ltr'><em>ex</em></span> <span class='ocrx_word' id='word_1_459' title='bbox 1594 2839 1685 2864; x_wconf 85' lang='lat' dir='ltr'><strong>corr.</strong></span> <span class='ocrx_word' id='word_1_460' title='bbox 1709 2829 1742 2863; x_wconf 91' lang='lat' dir='ltr'>A</span> <span class='ocrx_word' id='word_1_461' title='bbox 1766 2825 1899 2863; x_wconf 73' lang='grc' dir='ltr'><em>αἰσθό-</em></span> 
     </span>
     <span class='ocr_line' id='line_1_50' title="bbox 251 2893 489 2938; baseline -0.013 -8"><span class='ocrx_word' id='word_1_462' title='bbox 251 2906 370 2938; x_wconf 83' lang='grc' dir='ltr'><em>μενοσ</em></span> <span class='ocrx_word' id='word_1_463' title='bbox 393 2893 489 2928; x_wconf 89' lang='lat' dir='ltr'><em>VRC</em></span> 
     </span>
    </p>
   </div>
   <div class='ocr_carea' id='block_1_11' title="bbox 1918 861 1955 893">
    <p class='ocr_par' dir='ltr' id='par_1_14' title="bbox 1918 861 1955 893">
     <span class='ocr_line' id='line_1_51' title="bbox 1918 861 1955 893; baseline 0.027 -1"><span class='ocrx_word' id='word_1_464' title='bbox 1918 861 1955 893; x_wconf 87' lang='lat'>10</span> 
     </span>
    </p>
   </div>
   <div class='ocr_carea' id='block_1_12' title="bbox 1922 1197 1957 1229">
    <p class='ocr_par' dir='ltr' id='par_1_15' title="bbox 1922 1197 1957 1229">
     <span class='ocr_line' id='line_1_52' title="bbox 1922 1197 1957 1229; baseline 0 0"><span class='ocrx_word' id='word_1_465' title='bbox 1922 1197 1957 1229; x_wconf 78' lang='lat'>15</span> 
     </span>
    </p>
   </div>
   <div class='ocr_carea' id='block_1_13' title="bbox 1923 1539 1959 1571">
    <p class='ocr_par' dir='ltr' id='par_1_16' title="bbox 1923 1539 1959 1571">
     <span class='ocr_line' id='line_1_53' title="bbox 1923 1539 1959 1571; baseline 0.028 -1"><span class='ocrx_word' id='word_1_466' title='bbox 1923 1539 1959 1571; x_wconf 82' lang='lat'><em>20</em></span> 
     </span>
    </p>
   </div>
  </div>
 </body>
</html>
