1987 3246
187 136 287 170 LXII
918 134 1109 170 Praefatio.

188 250 478 302 Hegesippum
523 252 650 300 atque
694 248 964 301 interpretem
1004 249 1220 303 Latinum,
1264 264 1360 293 nam
1400 252 1488 293 fere
1529 251 1678 294 eodem
1718 250 1845 293 modo

188 322 364 368 uterque
413 314 656 356 coniunctus
702 319 764 356 est
809 319 850 356 et
889 328 982 356 cum
1021 315 1094 356 PA
1134 317 1390 370 reliquisque
1428 318 1546 360 libris
1587 322 1627 360 et
1666 331 1759 360 cum
1795 318 1842 359 L.

188 395 317 435 quare
334 381 508 423 Latinus
526 386 566 423 et
583 381 852 435 Hegesippus
870 382 1115 435 plerumque
1133 383 1282 425 eadem
1300 384 1465 426 tradere
1487 385 1623 427 solent
1640 384 1670 438 ¹)
1691 385 1843 426 rarius-

191 462 271 502 que
303 449 410 489 alter
440 448 493 489 ab
525 449 657 490 altero
689 447 894 501 dissentit,
926 448 969 490 id
1002 450 1114 502 quod
1145 448 1300 492 factum
1331 464 1423 493 esse
1454 451 1646 494 uidemus
1676 466 1717 505 p.
1749 453 1844 504 493,

196 519 255 568 17,
287 516 359 557 ubi
385 515 653 569 Hegesippus
685 529 777 557 curn
804 515 836 558 C
865 516 1047 557 Eusebio
1068 516 1234 558 Zonara
1264 517 1391 559 tradit
1422 522 1699 569 στασιασταί,
1732 518 1843 572 quod

188 584 308 625 abest
347 596 373 624 a
402 583 552 624 Latino
593 588 633 624 et
664 583 900 636 reliquis2);
943 596 1196 636 quamquam
1234 584 1360 636 igitur
1400 585 1605 628 similibus
1646 586 1711 627 usi
1751 598 1843 628 esse

189 650 386 691 uidentur
418 650 647 703 codicibus,
680 663 761 692 non
793 654 932 691 tamen
965 650 1137 691 eosdem
1169 650 1414 692 habuerunt.

304 717 522 759 Postremo
544 730 649 759 unus
671 717 787 759 Iocus
812 716 1106 758 memorandus
1134 721 1197 758 est
1225 731 1265 770 p.
1293 719 1355 770 16,
1381 721 1444 771 15,
1477 719 1548 760 ubi
1579 719 1622 759 in
1653 719 1845 761 omnibus

188 784 307 826 libris
349 788 389 825 et
419 784 569 826 Latino
603 785 823 837 Hyrcanus
864 783 1039 825 traditur
1078 789 1160 826 tres
1198 790 1238 825 et
1269 784 1440 837 triginta
1469 799 1600 827 annos
1632 798 1843 838 regnasse,

189 852 306 894 solus
336 852 606 906 Hegesippus
646 852 861 904 trigesimo
893 856 934 892 et
964 851 1099 903 primo
1131 852 1390 904 principatus
1422 865 1531 894 anno
1563 865 1656 893 eum
1689 852 1844 893 obiisse

188 919 329 961 tradit.
381 919 463 962 hoc
492 920 602 961 enim
634 932 779 960 uerum
813 931 907 960 esse
937 931 989 959 ex
1021 919 1115 960 aliis
1137 917 1307 972 Iosephi
1338 919 1441 961 locis
1472 923 1650 973 apparet
1681 922 1722 960 et
1751 918 1845 959 reli-

191 1000 368 1040 quorum
397 986 664 1029 sacerdotum
686 985 936 1027 Iudaeorum
969 986 1229 1038 temporibus
1260 985 1471 1039 probatur.
1522 986 1688 1028 uidetur
1719 986 1847 1039 igitur

188 1055 313 1096 unius
336 1054 571 1107 Hegesippi
593 1053 728 1095 codex
758 1066 784 1094 a
816 1053 1052 1105 corruptela
1083 1053 1277 1095 immunis
1308 1053 1435 1095 fuisse
1451 1055 1493 1100 3).
1544 1057 1684 1095 tamen
1716 1056 1845 1095 restat

192 1121 355 1174 aliquid
395 1121 703 1173 dubitationis,
731 1121 848 1162 nouit
888 1120 998 1161 enim
1032 1120 1301 1173 Hegesippus
1333 1121 1617 1173 AntIquitates
1650 1119 1844 1173 Iosephi;

186 1190 322 1242 potuit
353 1189 479 1241 igitur
508 1188 611 1241 fieri,
644 1193 688 1229 ut
716 1200 860 1229 uerum
892 1199 1109 1228 numerum
1142 1187 1240 1228 inde
1271 1187 1437 1229 asciret.

297 1255 508 1308 Interpres
540 1254 673 1308 Syrus
711 1255 798 1296 fere
838 1254 1028 1295 eiusdem
1066 1255 1217 1296 aetatis
1257 1267 1349 1296 esse
1381 1254 1547 1296 uidetur
1577 1268 1626 1297 ac
1656 1254 1844 1306 Latinus,

187 1335 332 1363 uerum
373 1323 530 1364 utilitas
567 1323 655 1364 eius
687 1322 810 1374 longe
843 1322 977 1362 minor
1008 1327 1090 1373 est,
1131 1335 1225 1363 cum
1256 1322 1387 1363 multa
1416 1322 1689 1374 neglegenter
1720 1321 1844 1362 inter-

186 1393 373 1442 pretatus
405 1389 477 1443 sit,
517 1390 603 1430 alia
634 1389 742 1430 male
775 1389 1050 1441 intellexerit,
1090 1401 1172 1429 non
1203 1401 1340 1441 pauca
1371 1388 1555 1441 denique
1589 1388 1775 1430 omiserit
1789 1390 1845 1440 4);

189 1470 318 1510 quare
341 1469 468 1510 saepe
490 1470 572 1498 non
595 1456 720 1497 facile
743 1460 806 1497 est
828 1455 1054 1507 intellectu,
1088 1468 1196 1507 quae
1228 1454 1420 1496 habuerit
1442 1456 1606 1497 Graeca
1622 1457 1665 1504 5).
1718 1468 1844 1508 quae-

187 1524 284 1566 dam
321 1528 460 1566 tamen
501 1524 599 1565 sciri
637 1526 880 1576 potuerunt,
920 1536 1015 1562 nam
1049 1536 1088 1575 p.
1122 1524 1215 1574 521,
1247 1524 1270 1561 9
1304 1521 1451 1563 habuit
1480 1527 1525 1565 ut
1555 1522 1720 1563 uidetur
1752 1535 1844 1563 cum

187 1592 260 1633 PA
299 1592 675 1645 προσποιοῖνται,
717 1603 798 1631 non
837 1588 1190 1642 προσκαλοῦνται
1206 1592 1255 1641 (Ἣ
1301 1602 1340 1641 p.
1377 1591 1470 1643 531,
1509 1593 1531 1629 5
1580 1591 1709 1629 Τίτου
1752 1601 1845 1630 cum

187 1659 390 1713 plurimis,
423 1672 505 1700 non
528 1660 754 1709 Καίσαρος
785 1670 879 1699 cum
901 1656 1037 1708 PLat3
1070 1657 1162 1708 532,
1187 1659 1209 1696 5
1243 1650 1399 1695 ἄνοδον
1431 1669 1524 1697 cum
1545 1655 1844 1708 ALVRCZon3

186 1728 280 1778 532,
312 1728 361 1766 21
383 1739 443 1778 sq.
488 1739 579 1767 cum
610 1724 761 1766 CLLat
801 1737 946 1766 uerum
986 1724 1193 1775 seruauit;
1232 1727 1276 1763 at
1307 1724 1399 1776 535,
1433 1725 1482 1763 12
1501 1736 1561 1775 sq.
1602 1727 1714 1764 recte
1750 1735 1844 1764 eum

186 1793 411 1834 uerborum
454 1792 645 1834 ordinem
685 1791 831 1833 habuit
870 1804 993 1845 quem
1026 1790 1277 1842 PAMLVR,
1316 1802 1397 1831 non
1431 1802 1523 1831 eum
1556 1801 1679 1842 quem
1711 1787 1844 1842 CLat;

187 1863 281 1912 54o,
316 1862 365 1900 12
407 1860 577 1913 φρενῶν
618 1857 819 1906 ἔκστασις
850 1859 975 1900 uertit
1006 1871 1099 1899 cum
1132 1857 1431 1910 deterioribus3
1466 1859 1558 1910 541,
1591 1858 1638 1896 21
1674 1853 1844 1896 ἔσωθεν

183 1926 305 1968 dedit
336 1939 389 1968 ex
421 1926 633 1979 MLVRQ
667 1929 761 1978 547,
790 1929 811 1965 7
845 1939 937 1967 cum
969 1925 1002 1965 L
1035 1923 1182 1965 habuit
1211 1924 1424 1976 βαθμῶν,-
1456 1925 1548 1975 548,
1574 1925 1592 1962 1
1628 1921 1672 1963 ἐν
1704 1921 1844 1976 σκότῳ

186 1994 482 2046 interpretatus
524 1998 608 2047 est,
649 1992 761 2045 quod
801 1992 971 2033 tradunt
1009 1992 1097 2032 fere
1138 2004 1293 2032 omnes.
1359 2003 1440 2042 quo
1482 1990 1608 2042 igitur
1647 2002 1745 2031 usus
1782 1995 1845 2031 est

186 2060 332 2102 codice
355 2061 531 2102 similior
552 2060 632 2100 fuit
652 2059 930 2101 Ambrosiano
954 2070 1078 2111 quam
1102 2057 1294 2098 Parisino
1316 2058 1610 2108 consensitque
1633 2055 1842 2098 interdum

186 2133 226 2169 et
258 2141 351 2169 cum
375 2127 409 2168 L
431 2132 471 2169 et
503 2140 596 2168 cum
627 2126 916 2168 deterioribus.
969 2124 1146 2166 certiora
1177 2124 1353 2165 fortasse
1386 2122 1650 2175 habebimus,
1682 2123 1717 2165 si
1749 2124 1842 2176 quis

183 2195 336 2249 Syrum
368 2199 498 2236 totum
531 2207 623 2236 cum
653 2192 834 2245 Iosepho
864 2195 1058 2233 accurate
1089 2191 1320 2232 contulerit.

303 2319 332 2353 1)
357 2315 544 2350 memorari
569 2318 717 2358 possunt
741 2313 810 2347 loci
834 2312 887 2352 hi,
921 2310 981 2345 ubi
1007 2310 1161 2352 LatHeg
1191 2320 1356 2345 numeros
1387 2310 1477 2344 alios
1509 2320 1552 2344 ac
1585 2310 1710 2353 reliqui
1734 2311 1844 2343 testes

185 2371 347 2405 tradunt:
381 2382 413 2414 p.
441 2373 492 2410 21,
520 2373 578 2413 2ος
618 2373 671 2411 22,
697 2372 737 2403 20
770 2373 806 2403 et
831 2371 871 2402 22
905 2367 978 2408 (ubi
1009 2377 1052 2401 ex
1084 2367 1204 2410 Antiq.
1228 2366 1305 2400 Iud.
1331 2366 1419 2400 XIII
1445 2369 1507 2399 377
1535 2365 1690 2400 correcti
1720 2364 1842 2399 uiden-

183 2431 270 2470 tur)3
300 2431 372 2468 157,
402 2429 460 2469 18;
487 2430 561 2469 274,
589 2429 647 2469 21;
675 2427 750 2465 302,
777 2428 813 2467 3;
848 2426 924 2466 403,
950 2426 1007 2465 203
1040 2425 1117 2462 406,
1144 2426 1196 2456 19.
1381 2425 1414 2462 2)
1439 2422 1511 2455 alia
1545 2422 1726 2455 dissensus
1751 2421 1844 2454 inter

184 2483 255 2517 Lat
289 2485 325 2516 et
355 2482 431 2525 Heg
469 2481 628 2525 exempla
663 2484 746 2515 sunt
782 2491 816 2523 p.
850 2482 910 2521 36,
943 2482 954 2512 1
992 2481 1027 2512 et
1060 2480 1140 2519 135,
1178 2481 1234 2519 15,
1275 2478 1336 2511 ubi
1372 2477 1449 2520 Heg
1487 2487 1567 2511 cum
1603 2476 1707 2511 PAM
1744 2475 1842 2517 facit,

181 2537 252 2571 Lat
285 2549 364 2573 cum
395 2538 555 2582 reliquis3
587 2548 622 2580 p.
654 2539 730 2579 474,
757 2538 775 2568 6
808 2535 870 2570 ubi
892 2529 1105 2578 Ἰδουμαίων
1136 2534 1197 2568 ΑΟ
1223 2534 1316 2577 Heg,
1348 2533 1525 2569 ἰουδαίων
1549 2532 1619 2566 Lat
1648 2542 1728 2566 cum
1758 2531 1840 2565 reli-

182 2594 271 2637 quis.
477 2596 509 2636 3)
535 2592 615 2626 uide
646 2593 731 2626 Ant.
756 2590 832 2626 Iud.
858 2590 943 2624 XIII
968 2592 1054 2633 2893
1080 2589 1148 2624 XX
1173 2592 1255 2632 2403
1288 2588 1334 2623 cf.
1359 2588 1510 2622 Hermes
1536 2590 1589 2628 28,
1614 2589 1689 2620 217.

184 2652 217 2691 »1)
242 2649 278 2682 in
301 2649 502 2684 nominibus
526 2649 683 2683 uirorum
707 2646 867 2681 omittere
891 2645 980 2680 solet
1002 2648 1145 2689 patrum
1170 2645 1323 2679 nomina.
1449 2648 1480 2684 5)
1505 2655 1539 2688 p.
1568 2644 1643 2683 546,
1672 2645 1690 2674 5
1716 2641 1838 2675 habet:

184 2705 302 2750 {quem
328 2705 485 2750 arripuit
509 2716 558 2740 ex
582 2715 622 2738 eo
648 2702 746 2748 quod
770 2702 920 2737 ardebat
935 2704 971 2735 et
986 2712 1020 2745 p.
1041 2703 1117 2741 558,
1137 2703 1155 2734 6
1181 2699 1347 2744 interfeci
1364 2709 1424 2734 eos
1446 2699 1508 2743 qui
1530 2708 1595 2732 uos
1620 2697 1844 2742 zei-qudam,-

186 2763 311 2795 neutro
341 2761 447 2803 igitur
471 2761 549 2796 loco
584 2760 667 2804 quid
700 2758 864 2793 habuerit
894 2760 989 2792 certo
1024 2756 1093 2790 dici
1125 2759 1254 2800 potest.
1443 2757 1475 2797 6)
1500 2764 1583 2788 nam
1607 2752 1722 2787 minus
1746 2755 1843 2786 recte

184 2816 399 2850 Kotteckius
432 2817 527 2851 dedit
556 2817 607 2850 sie
637 2815 755 2859 riefen
786 2824 830 2847 :a
863 2812 958 2856 sich,
992 2823 1071 2847 cum
1104 2813 1139 2846 In
1165 2812 1252 2856 Syro
1282 2811 1328 2845 sit
1363 2810 1528 2844 adiuncti
1555 2812 1638 2843 sunt
1672 2808 1748 2842 siue
1777 2807 1842 2841 acl-

188 2871 391 2906 haeserunt.
