2039 3282
864 156 1055 192 Praefati0.
1636 157 1790 192 XXXIX

126 286 222 314 nam
245 285 284 325 p.
309 274 401 324 262,
425 273 448 311 9
472 271 649 313 traditur
676 266 836 325 ἶ-Ιναίῳ
868 276 939 313 aut
967 266 1153 325 ἶ-[νναίηι
1185 273 1226 313 in
1250 273 1442 315 omnibus
1474 273 1591 315 libris
1624 276 1791 325 praeter

126 340 171 393 G,
205 341 274 393 qui
296 337 446 381 Αἰνέα
469 339 553 380 dat.
603 351 641 392 p.
667 342 758 392 365,
788 341 835 379 12
867 344 984 381 extat
1014 353 1178 393 nomen,
1212 341 1324 393 quod
1357 341 1397 382 in
1429 354 1583 394 genere
1615 340 1790 382 meliore

125 407 303 449 traditur
335 401 542 462 ἆρεγέτοι·
574 411 645 447 aut
678 405 871 460 (hydron,
913 407 953 448 in
995 407 1203 449 deteriore
1246 406 1442 462 ῥαγιιὶῑρυ
1474 412 1546 450 aut
1577 405 1791 461 ῥεγώλοις

124 475 165 515 in
189 473 220 516 C
253 472 508 529 Qayorijs'mv.
560 487 600 527 p.
633 476 726 527 377,
758 476 781 514 2
816 474 1018 516 habemus
1059 470 1327 529 &infr-satam
1367 477 1457 518 siue
1498 471 1790 530 ἀμφεκαλλεω

122 546 165 583 at
196 541 227 584 C
251 540 438 596 φαλὲκου
472 540 657 583 exhibet.
718 556 756 595 p.
786 545 879 594 35³1,
909 544 919 581 l
958 555 1110 583 nomen
1142 547 1204 584 est
1233 547 1385 595 βαρεις
1415 548 1485 585 aut
1513 545 1787 595 ffapcozaior,

122 614 165 651 at
201 607 418 662 βαρούχου
449 611 491 651 in
525 608 556 650 O
589 623 681 652 cuin
713 610 766 650 M.
838 614 900 650 ter
939 609 1117 650 traditur
1157 603 1231 663 ἆρί
1262 611 1317 663 (p.
1355 612 1448 663 2168,
1484 612 1552 663 193
1587 611 1679 663 524,
1713 611 1787 662 21;

122 678 216 730 532,
257 674 320 730 2),
370 681 432 718 ter
479 677 520 718 in
563 676 593 718 C
634 677 862 730 repositum
903 679 966 718 est
1006 674 1186 729 ἶαείρου.
1264 676 1413 718 eodem
1454 678 1636 730 pertinet
1675 676 1788 729 quod

120 758 160 798 p.
188 746 282 798 270,
313 748 336 785 5
369 744 515 785 λειΐῐαν
555 744 683 786 tradit
703 743 750 797 ¹),
793 745 863 797 qui
904 745 945 785 in
976 743 1088 785 LVR
1118 747 1292 785 uocatur
1334 741 1482 797 λήρων
1522 748 1594 786 aut
1633 744 1785 793 λίθων,

121 824 229 864 quae
269 816 332 854 est
370 812 582 865 antiquior
621 812 800 854 nominis
838 812 984 852 forma.
1046 811 1087 851 in
1128 810 1191 852 his
1224 811 1417 853 omnibus
1449 811 1491 853 id
1524 825 1616 853 curn
1650 812 1787 864 egisse

121 879 328 933 uidemus,
362 885 405 920 ut
426 880 602 921 sublatis
625 879 863 921 nominibus
885 877 1238 919 reconditioribus
1259 881 1331 918 aut
1353 878 1506 930 ignotis
1539 892 1592 921 cx
1624 879 1786 921 coniec-

120 951 213 988 tura
250 951 473 1000 reponeret
511 947 634 999 talia,
674 959 781 998 quac
818 957 872 986 ex
904 945 1034 987 sacris
1066 945 1216 986 litteris
1248 949 1388 986 essent
1419 947 1607 999 cognita,
1648 947 1785 1000 Ragn-

122 1015 233 1055 elum
266 1013 497 1055 Phalecum
529 1012 768 1054 Baruchum
811 1012 976 1053 Iairum.
1037 1011 1170 1065 adde,
1212 1011 1326 1065 quod
1367 1016 1410 1053 ut
1441 1025 1567 1065 supra
1600 1013 1784 1055 diximus

121 1083 176 1134 (p.
210 1081 251 1121 X
283 1086 324 1122 et
353 1080 471 1129 XVI)
501 1080 542 1121 in
574 1080 605 1122 C
638 1084 679 1122 et
708 1079 899 1120 Parisino
935 1080 1040 1119 1428
1072 1078 1126 1120 ad
1159 1092 1197 1132 p.
1233 1080 1326 1133 466,
1359 1080 1410 1119 20
1452 1081 1679 1133 ascriptum
1724 1086 1785 1123 est

121 1152 495 1201 tetragrammaton
537 1146 747 1189 hebraicis
787 1147 960 1198 litteris,
1002 1160 1084 1199 quo
1125 1146 1435 1189 demonstratur
1471 1147 1584 1189 haud
1616 1161 1785 1201 prorsus

120 1216 338 1269 imperitos
369 1214 515 1256 horum
548 1214 740 1256 codicum
772 1214 903 1255 fuisse
935 1217 1142 1255 auctores.
1194 1213 1379 1267 denique
1402 1215 1624 1257 memorari
1647 1219 1786 1268 potest

120 1283 162 1323 in
204 1282 234 1324 C
271 1283 451 1335 aliisque
491 1281 681 1324 eiusdem
721 1281 909 1323 familiae
949 1281 1067 1323 libris
1107 1281 1264 1323 bellum
1303 1282 1521 1325 Iudaicum
1562 1283 1606 1323 in
1645 1283 1785 1335 capita

120 1349 302 1391 diuisum
345 1353 773 1402 argumentorumque
813 1348 998 1390 indicem
1038 1349 1216 1402 singulis
1254 1350 1373 1392 libris
1414 1349 1648 1404 praefixum
1692 1362 1784 1391 esse

119 1416 277 1458 additis
317 1417 358 1457 in
399 1419 517 1457 textu
559 1417 744 1470 capitum
777 1416 974 1458 numeris.
1045 1415 1152 1458 haec
1184 1418 1254 1469 qui
1286 1417 1474 1471 addidit,
1517 1417 1560 1459 id
1592 1419 1699 1471 egit,
1740 1421 1784 1457 ut

119 1483 289 1538 Iosephi
332 1483 533 1526 historiae
572 1485 739 1526 facilius
780 1483 934 1537 dispici
974 1487 1015 1525 et
1054 1484 1196 1525 euolui
1230 1490 1423 1539 possent3
1463 1485 1507 1527 id
1540 1485 1655 1539 quod
1688 1499 1780 1527 cum

119 1550 366 1594 recensendi
398 1550 537 1594 officio
570 1552 838 1594 coniunctum
870 1563 963 1592 esse
993 1555 1184 1604 apparet.

230 1618 319 1660 Iam
351 1619 497 1671 quaeri
528 1623 680 1672 potest,
713 1618 924 1672 quomodo
957 1622 1071 1660 ortus
1103 1619 1156 1660 sit
1187 1622 1340 1672 textus,
1376 1632 1500 1673 quem
1532 1619 1706 1662 exhibet
1737 1619 1781 1662 O.

117 1685 231 1739 quod
261 1691 305 1727 ut
337 1687 619 1740 exploremus,
652 1687 781 1728 ceteri
814 1685 1002 1728 eiusdem
1024 1686 1211 1728 familiae
1234 1686 1403 1729 codices
1426 1687 1651 1730 euoluendi
1674 1691 1781 1741 sunt,

118 1753 324 1808 imprimis
342 1754 558 1796 Parisinus
580 1755 685 1794 1429
709 1755 764 1807 (p.
788 1753 889 1794 XVI
910 1766 985 1795 nro
1004 1754 1086 1807 20),
1110 1753 1181 1806 qui
1203 1754 1283 1796 nisi
1306 1758 1526 1808 tantopere
1548 1755 1719 1797 mutilus
1742 1761 1783 1796 et

116 1821 225 1862 male
249 1820 416 1863 habitus
447 1826 572 1875 esset,
594 1822 726 1863 multo
748 1821 881 1875 pluris
904 1825 1016 1863 esset
1036 1821 1255 1864 faciendus
1278 1835 1404 1875 quam
1427 1822 1472 1876 O,
1496 1836 1590 1864 cum
1614 1826 1654 1864 et
1675 1823 1781 1863 anti-

116 1888 236 1941 quior
266 1888 462 1930 uideatur
493 1893 534 1930 et
565 1890 695 1931 multo
728 1887 991 1931 emendatior
1022 1889 1088 1930 sit.
1138 1889 1246 1931 inter
1269 1894 1431 1932 ceteros
1463 1890 1780 1943 antiquissimus

117 1959 181 1998 est
201 1956 418 1998 Parisinus
444 1958 548 1997 1427
575 1959 665 2008 (nro
691 1958 778 2010 18);
811 1956 886 1999 sed
917 1956 991 1997 alii
1022 1969 1204 2010 quoque,
1237 1957 1352 1999 uelut
1373 1957 1660 2000 Berolinensis
1686 1970 1780 1999 cum

116 2022 398 2077 Redigerano,
430 2037 515 2065 non
545 2025 702 2067 nullius
733 2024 789 2066 ad
821 2024 930 2066 hanc
959 2036 1048 2064 rem
1081 2037 1180 2066 usus
1211 2029 1318 2066 sunt.

227 2091 317 2132 Iam
348 2104 448 2132 uero
470 2091 687 2135 Parisinus
722 2094 827 2133 1429
859 2095 1027 2146 praeter
1057 2091 1162 2132 uitia
1191 2092 1365 2134 fortuita
1395 2093 1437 2134 in
1469 2093 1659 2135 omnibus
1691 2093 1778 2133 fere

116 2158 323 2199 consentit
354 2171 446 2199 cum
479 2158 511 2201 O
544 2159 800 2213 eosdemque
833 2158 962 2201 habet
982 2172 1120 2200 rerum
1143 2159 1316 2202 indices.
1365 2173 1413 2202 eo
1436 2160 1779 2202 memorabiliora

116 2236 167 2266 ea
197 2230 303 2278 sunt,
336 2226 487 2278 quibus
518 2226 571 2268 ab
603 2239 653 2268 eo
686 2226 840 2281 differt,
873 2227 989 2269 uelut
1019 2240 1059 2280 p.
1093 2228 1188 2280 262,
1212 2230 1235 2268 9
1267 2241 1350 2269 non
1382 2227 1510 2269 habet
1541 2227 1652 2281 quod
1682 2228 1722 2268 in
1746 2227 1777 2269 O

115 2291 294 2334 traditur
325 2290 461 2343 αἰνέα,
494 2293 570 2336 sed
609 2307 703 2337 cum
735 2295 810 2336 VR
841 2298 881 2336 et
910 2293 1084 2347 reliquis
1117 2288 1299 2345 ἆναίωι,
1340 2295 1383 2336 in
1414 2296 1604 2348 margine
1635 2298 1777 2336 autem

115 2360 343 2413 ascriptum
365 2375 415 2414 γρ
439 2358 586 2413 αἰγέας
616 2375 656 2415 p.
681 2363 775 2415 270,
799 2364 822 2402 5
844 2375 927 2403 non
950 2361 1064 2415 quod
1086 2362 1128 2402 in
1146 2361 1177 2404 C
1198 2375 1290 2404 esse
1313 2362 1496 2404 diximus
1519 2361 1678 2411 λὲτΐειν,
1701 2361 1777 2404 sed

116 2424 256 2467 λίουϊν
287 2440 380 2469 cum
411 2428 498 2483 VR,
535 2430 594 2471 ita
624 2434 778 2481 tamen,
810 2433 854 2470 ut
885 2442 1013 2483 supra
1043 2442 1211 2472 uersum
1242 2429 1488 2472 adnotatum
1521 2431 1574 2472 sit
1605 2429 1776 2482 hertam

115 2506 155 2546 p.
188 2495 282 2548 284,
317 2496 365 2536 18
407 2489 694 2551 ἀπειρηκότες
733 2500 796 2539 est
833 2497 875 2538 in
907 2497 1001 2551 VR,
1044 2497 1158 2539 idem
1198 2496 1356 2539 habent
1389 2497 1420 2540 C
1454 2502 1493 2540 et
1525 2498 1617 2539 Par.
1658 2499 1774 2552 1429,

116 2564 159 2601 at
197 2561 238 2602 in
279 2561 401 2604 huius
441 2565 631 2617 margine
669 2568 786 2607 extat
821 2578 872 2618 γρ
912 2563 1256 2620 προηργηκότες,
1299 2565 1411 2618 quod
1451 2564 1622 2606 tradunt
1652 2564 1773 2606 PAL.

117 2626 222 2670 haec
261 2629 442 2672 Parisini
486 2631 788 2674 adnotamenta
825 2631 967 2673 omnia
1006 2645 1132 2673 manu
1177 2633 1313 2686 prima
1357 2646 1441 2674 una
1484 2646 1578 2674 cum
1623 2633 1774 2675 ceteris

117 2699 291 2737 exarata
321 2702 428 2751 sunt,
461 2702 505 2740 ut
536 2712 590 2741 ex
619 2699 855 2752 antiquiore
885 2699 1119 2753 exemplari
1150 2700 1402 2753 transcripta
1434 2712 1525 2742 esse
1556 2705 1774 2754 appareat,

116 2760 223 2803 sicut
260 2763 303 2803 in
337 2763 433 2806 aliis
472 2777 639 2818 quoque
681 2765 805 2808 huius
845 2766 1033 2808 familiae
1074 2767 1292 2809 codicibus
1322 2767 1481 2809 similes
1512 2768 1775 2821 reperiuntur

230 2906 260 2942 1)
286 2904 346 2938 ubi
373 2906 549 2941 consentit
572 2907 647 2943 fere
674 2919 753 2943 cum
778 2909 892 2950 PAM⁷
919 2910 979 2954 qui
1003 2911 1101 2946 λευὶν
1126 2909 1284 2947 tradunt.
