2018 3236
231 163 310 200 182
646 160 711 194 DE
736 159 894 193 BELLO
918 158 1016 194 IUD.
1041 158 1076 192 II
1103 161 1278 192 144—149
1302 160 1375 200 (vul
1402 165 1431 193 s.
1459 163 1488 202 9)

227 284 325 324 ταῖς
356 272 558 325 ἐσχάταις
598 267 844 320 ἀναπνοαῖς
884 266 1117 324 ἀνέλαβον,
1161 269 1307 325 ἱκανὴν
1339 270 1411 314 ἐπὶ
1444 280 1536 321 τοῖς
1574 269 1881 329 ἁμαρτήμασιν

228 337 369 383 αὖτιῦν
400 337 475 395 τὴν
506 343 633 391 μέχρι
661 337 860 380 θανάτου
889 337 1084 392 βάσανον
1114 337 1356 396 ἡγούμενοι.

119 425 197 462 145
343 421 380 460 9.
421 419 531 470 Περὶ
573 416 620 458 δὲ
656 415 736 466 τὰς
772 420 938 471 κρίσεις
975 413 1282 472 ἀκριβέστατοι
1320 418 1394 459 καὶ
1433 417 1617 469 δίκαιοι,
1656 419 1728 460 καὶ
1761 417 1883 459 δικά-

227 486 348 537 ζουσι
387 485 465 539 μὲν
515 479 590 527 οὐκ
630 483 835 534 ἐλάττους
873 486 957 526 τῶν
998 484 1150 528 ἑκατὸν
1192 484 1502 537 συνελθόντες,
1541 483 1589 526 τὸ
1623 480 1664 526 δ’
1700 481 1883 539 ὁρισθὲν

224 548 304 595 ὑπ’
351 548 493 594 αὐτῶν
534 548 748 608 ἀκίνητον.
808 554 939 605 σέβας
979 552 1025 594 δὲ
1063 555 1173 607 μέγα
1203 551 1314 606 παρ’
1350 547 1499 601 αὐτοῖς
1528 551 1637 605 μετὰ
1668 550 1744 594 τὸν
1773 550 1923 595 θεὸν5

224 616 416 672 τοῦνομα
445 621 524 661 τοῦ
555 622 814 673 νομοθέτου,
847 612 926 661 κᾶν
955 619 1251 676 βλασφημήσῃ
1281 635 1349 669 τις
1380 618 1442 668 εἰς
1472 621 1626 661 τοῦτον
1655 618 1884 670 κολάζεται

117 691 195 730 146
225 686 424 742 θανάτῳ.
484 694 577 735 τοῖς
609 686 655 728 δὲ
692 689 1007 741 πρεσβυτέροις
1036 683 1334 729 ὑπακούουσιν
1372 687 1444 728 καὶ
1483 695 1577 736 τοῖς
1607 687 1810 728 πλείοσιν
1841 686 1885 728 ἐν

224 754 364 809 καλῷ·
406 753 509 795 δέκα
545 755 648 808 γοῦν
689 753 1075 808 συγκαθεζομένων
1115 753 1191 796 ουκ
1230 747 1282 795 ἂν
1322 753 1548 809 λαλήσειέν
1586 769 1654 803 τις
1693 749 1885 796 ἀκόντιον

122 826 198 864 147
230 823 315 863 τῶν
338 819 474 863 ἐννέα.
523 822 597 862 καὶ
618 820 666 863 τὸ
690 820 857 863 πτύσαι
887 821 933 862 δὲ
965 820 1026 870 εἰς
1055 825 1215 875 μέσους
1243 814 1270 878 ἢ
1299 819 1347 863 τὸ
1381 819 1525 871 δεξιὸν
1554 824 1686 874 μέρος
1715 820 1886 877 φυλάσ-

228 904 381 931 σονται
417 889 490 930 καὶ
528 896 626 937 ταῖς
660 887 898 942 ἑβδομάσιν
929 887 1064 943 ἔργων
1104 888 1394 945 ἐφάπτεσθαι
1434 887 1750 944 διαφορώτατα
1783 883 1886 930 Ἰου-
1917 884 1953 918 1⁰

228 956 366 998 δαίων
406 952 640 997 ἁπάντων·
680 950 728 997 οὗ
767 956 901 1008 μόνον
939 955 1022 1010 γὰρ
1061 955 1232 1012 τροφὰς
1267 954 1438 1005 ἑαυτοῖς
1468 954 1555 1009 πρὸ
1588 957 1693 1009 μιᾶς
1722 952 1886 1011 ἡμέρας

228 1021 659 1077 παρασκευάζουσιν,
701 1019 760 1071 ὥς
797 1021 855 1079 μὴ
896 1025 983 1077 πῦρ
1023 1022 1218 1065 ἐναύοιεν
1257 1021 1420 1078 ἐκείνην
1449 1021 1527 1079 τὴν
1557 1019 1742 1079 ἡμέραν,
1784 1017 1881 1064 ἀλλ’

118 1093 196 1132 148
229 1086 329 1132 οὐδὲ
371 1089 520 1138 σκεῦός
559 1106 603 1132 τι
642 1092 927 1147 μετακινῆσαι
957 1093 1203 1145 θαρροῦσιν
1250 1089 1351 1132 οὐδὲ
1389 1085 1653 1132 ἀποπατεῖν.
1711 1099 1808 1140 ταῖς
1839 1085 1881 1132 δ’

228 1154 382 1207 ἄλλαις
428 1154 612 1212 ἡμέραις
656 1157 826 1213 βόθρον
873 1153 1133 1213 ὀρύσσοντες
1175 1156 1321 1211 βάθος
1359 1157 1567 1199 ποδιαῖον
1604 1159 1656 1213 vs
1699 1157 1885 1210 σκαλίδι,

226 1226 427 1267 τοιοῦτον
466 1224 547 1279 γάρ
588 1223 705 1267 ἐστιν
740 1225 789 1267 τὸ
823 1225 1050 1279 διδόμενον
1081 1220 1161 1266 ’ὑπ’
1198 1219 1337 1266 αὐτῶν
1369 1219 1582 1273 ἀξινίδιον
1611 1233 1705 1274 τοῖς
1735 1240 1885 1267 νεοσυ-
1917 1221 1953 1253 ¹5

229 1290 419 1343 στάτοις,
450 1294 523 1334 καὶ
544 1291 925 1346 περικαλύψαντες
946 1292 1198 1346 θοιμάτιον,
1231 1288 1290 1340 ιῦς
1309 1291 1367 1349 μὴ
1399 1290 1478 1341 τὰς
1509 1287 1642 1346 αὐγὰς
1670 1289 1886 1346 ὑβρίζοιεν

119 1362 199 1401 149
231 1361 308 1400 τοῦ
347 1361 479 1410 θεοῦ,
517 1356 782 1402 θακεύουσιν
822 1359 883 1409 εἰς
922 1355 1066 1402 αἰτόν.
1143 1358 1298 1401 ἔπειτα
1336 1358 1412 1413 τὴν
1452 1355 1771 1413 ἀνορυχθεῖσαν
1808 1361 1885 1416 γῆν

228 1425 485 1482 ἐφέλκουσιν
525 1425 588 1475 εἷς
626 1425 702 1468 τὸν
740 1425 931 1480 βόθρον·
972 1428 1045 1469 καὶ
1081 1429 1210 1469 τοῦτο
1248 1429 1430 1469 ποιοῦσι
1460 1425 1561 1476 τοὺς
1600 1426 1886 1483 ἐρημοτέρους

354 1638 585 1673 PAMLVRC
602 1638 670 1673 Lat
684 1638 904 1682 Porphyrius
948 1639 991 1673 de
1035 1639 1163 1676 abstin.
1201 1640 1251 1675 IV
1289 1643 1328 1674 13
1363 1640 1543 1674 Eusebius
1586 1649 1708 1683 praep.
1757 1648 1883 1682 euang.

225 1694 276 1728 IX
303 1700 333 1729 3.

357 1752 371 1783 1
399 1744 621 1792 ἀναπνοαῖς]
646 1747 827 1797 ἀνάγκαις
855 1751 1018 1795 Porphyr
1109 1748 1310 1797 ἀνέλαβον]
1337 1747 1478 1798 ἔλαβον
1500 1751 1688 1796 Porphyrii
1712 1750 1813 1785 codd.

226 1818 467 1886 ἃμαρτήμαάι
492 1841 525 1873 A
646 1843 665 1874 2
698 1836 912 1886 ἡγούμενοι]
945 1842 1131 1888 τιμωρίαν
1162 1842 1359 1877 δεδωκέναι
1385 1842 1607 1885 νομίζοντες
1631 1840 1792 1885 Porphyr

226 1897 247 1939 ξ
277 1899 459 1930 145—147
493 1907 559 1931 om.
592 1896 754 1941 Porphyr
891 1899 909 1930 3
944 1897 982 1933 δὲ
1013 1907 1079 1931 om.
1113 1898 1144 1930 A
1281 1900 1301 1931 4
1334 1896 1479 1933 ἑκατών
1510 1896 1619 1931 LRC¹
1651 1900 1682 1942 (Ἰ
1706 1896 1769 1930 ΡΑ

225 1947 276 1992 δ’]
303 1951 341 1988 δὲ
365 1957 406 1993 (S.
432 1952 475 1993 A)
500 1951 660 1987 ALVRC
760 1956 778 1986 5
804 1953 911 1998 μέγα]
935 1952 1108 1987 PAMLat
1131 1953 1310 1999 μέγιστον
1333 1953 1459 1987 LVRC
1574 1949 1643 1988 τὸν
1667 1962 1733 1986 om.
1752 1951 1791 1986 M

226 2010 245 2041 6
271 2005 316 2043 τὸ
350 2006 472 2051 ὄνομα
497 2007 624 2042 LVRO
745 2011 893 2050 τοῦτον]
919 2006 1041 2045 τούτω
1064 2009 1099 2042 Α
1213 2013 1230 2042 7
1257 2015 1337 2050 τοῖς
1354 2029 1397 2033 -
1424 2014 1441 2041 ὃ
1473 2011 1589 2056 καλῷ]
1619 2008 1763 2043 senibus
1794 2019 1880 2044 uero

225 2064 392 2100 oboedire
415 2068 450 2098 et
470 2064 630 2108 plurium
656 2075 879 2109 quorumque
903 2065 1044 2100 decreto
1067 2065 1254 2109 probabile
1278 2065 1502 2099 arbitrantur
1534 2065 1697 2108 officium
1723 2064 1791 2097 Lat

222 2117 490 2160 ὑπακούουσιν]
520 2118 725 2156 ὑπακούειν
754 2120 921 2156 MLVRC
946 2120 1029 2156 fort.
1063 2125 1158 2154 recte
1289 2119 1330 2156 ἐν
1359 2123 1475 2168 καλῷ]
1507 2119 1547 2156 ἐν
1576 2123 1681 2156 καλῶ
1713 2122 1881 2156 τίθενται

223 2178 384 2216 (τίθεται
417 2175 464 2219 V)
492 2175 659 2211 MLVRO
689 2176 771 2211 fort.
803 2178 901 2211 recte
931 2175 972 2212 ἐν
1009 2179 1127 2224 κοινῷ
1160 2175 1333 2211 Destinon
1479 2179 1497 2210 S
1531 2175 1880 2222 συγκαθεζομένων,

224 2246 269 2278 υγ
300 2233 323 2267 i.
357 2242 426 2267 ras.
457 2233 491 2267 A
522 2232 790 2276 καθεζομένων
819 2232 852 2266 V
1004 2228 1179 2268 ἀκόντων
1211 2233 1297 2274 τῶν]
1335 2230 1440 2268 ἄκων
1477 2234 1554 2267 τῶν
1585 2232 1667 2267 L¹R
1696 2229 1881 2268 άκώντων

225 2303 303 2335 τῶν
332 2299 380 2333 L2
516 2303 535 2334 9
564 2298 686 2341 ἐννέα]
718 2291 754 2336 θ
779 2300 841 2334 ΡΑ
977 2296 1000 2344 ἦ
1028 2299 1051 2333 i.
1088 2308 1158 2334 ras.
1192 2300 1224 2332 A
1355 2302 1393 2334 11
1428 2298 1504 2345 πρὸ
1538 2296 1682 2345 ἣμέρασ
1712 2301 1804 2343 μιᾶσ
1833 2301 1879 2332 tr.

224 2355 351 2391 LVRO
484 2358 524 2389 12
553 2352 615 2401 μὴ]
645 2356 734 2402 μηδὲ
763 2355 890 2391 LVRC
1020 2353 1203 2396 ἐναύοιεν]
1242 2353 1443 2400 ἐναφθεῖεν
1471 2356 1549 2390 PA¹
1582 2354 1729 2400 ἐναφθῆ
1763 2353 1805 2390 ἐν
1837 2364 1880 2388 ex

423 2450 431 2464 Ι
786 2453 794 2465 l
967 2457 974 2463 ι
1427 2427 1448 2457 η
1523 2453 1530 2465 ἱ
1600 2451 1609 2465 (
1654 2454 1661 2465 1

226 2466 315 2490 corr.
341 2457 373 2490 A
405 2469 563 2493 απτοιεν
592 2457 640 2499 (h.
666 2467 697 2491 e.
729 2456 941 2498 ἔναπτοιεν)
965 2468 987 2491 1.
1014 2466 1122 2498 marg.
1148 2455 1212 2491 LR
1326 2456 1471 2502 ἐκείνην
1496 2469 1562 2502 την
1592 2468 1734 2501 ημεραν
1757 2455 1789 2487 Α

228 2514 267 2545 13
301 2512 319 2554 §
346 2514 408 2546 148
439 2512 580 2547 breuiat
609 2513 827 2557 Porphyrius
963 2511 1002 2547 δὲ
1034 2511 1160 2546 LVRC
1300 2515 1341 2546 14
1374 2508 1575 2559 ὀρύξαντες
1605 2511 1766 2555 Porphyr

224 2560 361 2612 βάθος]
387 2567 439 2609 εἰς
461 2568 587 2614 βάθος
611 2568 773 2613 Porphyr
915 2568 1068 2612 σκαλίδη
1092 2567 1139 2601 V¹
1267 2571 1306 2601 15
1332 2571 1508 2604 τοιοῦτον
1534 2588 1573 2592 --
1598 2563 1877 2608 νεοσυστάτοις]

225 2633 333 2666 quam
363 2623 578 2665 (dolabram)
616 2624 712 2658 tradi
741 2634 856 2669 nuper
890 2622 1138 2658 accedentibus
1176 2622 1335 2657 dioeimus
1362 2622 1432 2657 Lat
1561 2624 1599 2656 16
1628 2624 1691 2657 καὶ
1724 2634 1877 2666 περικα-

226 2675 424 2723 λύψαντες]
450 2677 773 2725 περικαλύψαντες
797 2679 835 2715 δὲ
858 2679 1022 2723 Porphyr
1156 2676 1372 2723 θοιμάτιον]
1403 2675 1552 2722 ἱμάτιον
1585 2678 1686 2712 ΡΑΜ
1718 2675 1762 2713 τὸ
1797 2675 1876 2721 ὶμά-
2014 2723 2016 2727 ¹

226 2746 309 2769 τιον
343 2734 376 2769 V
410 2733 596 2778 θυμάτιον
630 2735 708 2770 Rc*
744 2734 933 2782 θοίματίῳ
968 2734 1129 2778 Porphyr
1164 2734 1316 2769 demissa
1350 2740 1448 2769 ueste
1483 2737 1571 2774 (sese
1607 2733 1878 2778 clz‘lz'qentissime
2013 2734 2018 2764 ί

226 2793 464 2834 commentas)
488 2790 558 2824 Lat
671 2787 738 2832 τὰς
763 2786 889 2836 αὐγὰς]
915 2796 996 2832 ταῖς
1021 2785 1150 2835 αι’·γαῖς
1174 2790 1333 2834 Porphyr
1444 2787 1645 2835 ὑβρίζοιεν]
1669 2787 1878 2836 ἐνυβρίζειν

225 2845 387 2890 Porphyr
481 2849 518 2879 17
545 2848 612 2881 τοῦ
635 2849 740 2886 θεοῦ]
765 2843 853 2888 τοὺς
876 2843 990 2888 θεοὺς
1005 2845 1191 2889 Porphyrii
1209 2846 1310 2880 codd.
1404 2839 1639 2886 θακεύουσιν]
1665 2843 1876 2882 θακεύωσιν

224 2901 273 2934 V¹
297 2902 494 2944 καθίζουσι
519 2901 542 2934 i.
570 2912 678 2945 marg.
705 2902 853 2936 adnotat
876 2902 908 2936 R
1010 2905 1048 2936 18
1074 2902 1136 2943 εἰς]
1161 2902 1242 2938 εἰσ·
1265 2903 1315 2936 -Ρ
