2018 3236
124 566 176 607 38

127 834 177 873 39

126 969 178 1007 40

126 1105 173 1143 41

126 1237 179 1276 42

128 1498 234 1544 43¹

128 1637 180 1675 44

128 1839 179 1877 45

208 184 288 221 518
673 179 738 213 DE
764 178 923 213 BELLO
948 178 1044 213 IUD.
1070 178 1121 212 VI
1144 180 1277 212 36—45
1303 180 1324 219 (1
1349 184 1378 220 5)

207 299 387 352 τίθημι·
419 294 467 335 τὸ
495 289 534 334 δ’
562 287 630 333 ὅτι
655 291 848 345 μάλιστα
878 290 1092 346 προσήκει
1122 289 1348 344 μάχεσθαι
1378 298 1471 340 τοῖς
1502 289 1729 339 δυσκόλοις
1760 289 1860 340 τοὺς

211 362 364 417 ἀρετῆς
404 360 658 417 ἐφιεμένους
696 360 769 401 καὶ
809 353 878 401 ότι
913 356 1045 400 καλὸν
1077 374 1120 399 εν
1152 353 1323 400 εὖκλεία
1360 356 1534 412 τελευτὴ
1574 359 1647 400 καὶ
1689 354 1747 406 ὡς
1787 352 1861 400 οῦκ

210 426 406 483 άκαρπον
438 426 562 469 ε’σται
592 434 686 475 τοῖς
715 425 1058 480 καταρξαμένοις
1089 423 1137 466 τὸ
1170 433 1388 479 γενναῖον,
1423 423 1623 477 διέξειμι.
1683 426 1861 503 πρῶτον

205 496 283 549 ιιὲν
314 493 388 536 οῦν
418 491 538 547 ὑμῶν
568 496 767 549 γενέσθω
798 491 1031 549 προτροπὴ
1055 491 1103 533 τό
1127 508 1250 541 τινας
1272 492 1381 541 ίσως
1411 486 1682 545 ἀποτρέπον,
1714 488 1738 548 ἡ
1757 486 1862 534 Ἰου-

210 563 345 604 δαίων
375 564 662 615 μακροθυμία
693 562 765 603 καὶ
795 559 843 602 τὸ
867 557 1119 614 καρτερικὸν
1142 558 1186 601 ἐν
1208 558 1273 608 οἷς
1293 561 1650 601 κακοπαθοῦ·σιν
1685 557 1863 612 αἰσχρὸν

205 629 285 684 γὰρ
313 626 548 682 Ῥωμαίους
570 645 616 670 τε
637 625 767 678 ὄντας
798 629 870 670 καὶ
903 625 1177 682 στρατιώτας
1208 625 1348 679 ἐμούς,
1381 627 1453 668 καὶ
1485 623 1688 668 διδακτὸν
1719 625 1797 679 μὲν
1819 623 1863 667 ἓν

207 696 351 752 εἰρήνῃ
376 695 424 738 τὸ
461 697 683 749 πολεμεῖν,
716 695 876 748 ἔθιμον
898 694 944 736 δὲ
967 693 1010 736 ἐν
1032 694 1214 749 πολέμῳ
1236 692 1284 736 τὸ
1308 702 1480 747 κρατεῖν
1512 693 1700 746 ἔχοντας,
1730 688 1863 747 ἡττᾶ-

208 767 319 806 σθαι
349 762 459 805 κατὰ
488 771 614 818 χεῖρα
640 758 862 805 Ἰουδαίων
883 754 909 817 ἢ
930 760 1040 803 κατὰ
1073 761 1226 816 ψυχήν,
1259 762 1331 803 καὶ
1361 762 1500 802 ταῦτα
1530 759 1644 815 πρὸς
1665 761 1728 815 τῷ
1748 760 1864 801 τέλει

208 832 284 887 τῆς
315 834 433 887 νίκης
453 831 526 872 καὶ
554 832 919 885 συνεργουμέτόυς
948 826 1035 871 ὑπὸ
1060 830 1137 870 τοῦ
1158 829 1282 869 θεοῦ.
1331 826 1386 868 τὰ
1408 826 1490 882 γὰρ
1512 825 1700 884 ἡμέτερα
1731 830 1864 869 πταί-

209 913 353 952 σματα
384 899 460 953 τῆς
486 893 708 939 Ἰουδαίων
740 895 858 940 ἐστὶν
890 892 1119 947 ἀπονοίας,
1154 893 1208 936 τὰ
1243 890 1285 936 δ)
1322 894 1495 937 ἐκείνων
1527 894 1656 951 πάθη
1688 902 1786 944 ταῖς
1815 910 1862 936 τε

211 962 436 1020 ὑμετέραις
477 960 655 1020 ἆρεταῖς
686 965 754 1006 καὶ
787 972 885 1013 ταῖς
923 966 1001 1006 τοῦ
1032 965 1143 1005 θεοῦ
1185 966 1430 1017 συνεργίαις
1470 959 1668 1011 αὔξεται·
1710 961 1864 1012 στάσις

207 1031 287 1087 γὰρ
308 1034 381 1074 καὶ
403 1031 530 1086 λιμὸς
551 1033 623 1074 καὶ
646 1033 882 1087 πολιορκία
912 1032 982 1073 καὶ
1009 1031 1107 1083 δίχα
1136 1029 1457 1087 μηχανημάτων
1490 1033 1716 1071 πίπτοντα
1746 1033 1862 1109 τείχη

209 1103 253 1142 τί
284 1117 335 1141 αν
368 1095 464 1141 ἀλλ’
493 1092 516 1155 1²}
537 1101 648 1141 θεοῦ
678 1115 756 1152 μεν
789 1098 854 1155 ειή
886 1100 1014 1155 μῆνις
1045 1096 1238 1149 εκείνοις,
1270 1096 1463 1154 βοήθεια
1495 1097 1542 1139 δὲ
1570 1095 1782 1154 ἡμετέρα,·
1813 1096 1861 1140 τὸ

208 1171 353 1209 τοίνιν
383 1166 440 1222 μὴ
474 1166 608 1221 μόνον
639 1165 937 1209 ελαττοῦσθαι
970 1164 1198 1220 χειρόνων,
1241 1159 1352 1206 αλλα
1381 1182 1452 1206 και
1484 1182 1561 1222 την
1592 1168 1724 1207 θείαν
1756 1180 1864 1218 συμ-

209 1238 369 1288 μαχίαν
409 1234 672 1288 προδιδοναι
713 1233 825 1290 πρὸς
862 1231 984 1291 ἡμῶν
1024 1228 1100 1274 οῦκ
1131 1250 1182 1274 αν
1215 1232 1296 1288 εί.η
1356 1234 1453 1282 πῶς
1494 1229 1534 1273 δ’
1571 1249 1646 1275 οικ
1687 1231 1866 1287 αἰσχρὸν

205 1298 439 1352 [οιδαίοις
459 1305 550 1356 με’-,ν
585 1301 650 1352 οἷς
672 1298 721 1344 05
745 1300 913 1381 πολλὴν
946 1299 1148 1356 αισχένην
1172 1302 1297 1355 φέρει
1317 1298 1366 1341 τὸ
1392 1300 1634 1342 λείπεσθαι
1664 1301 1864 1353 μαθοῦσι

210 1369 448 1421 δοιλευειν,
487 1366 601 1425 ὑπὲρ
632 1371 709 1411 τοῦ
746 1371 899 1424 μηκέτι
935 1370 1066 1409 τοῦτο
1109 1366 1295 1420 πάσχειν
1334 1366 1534 1408 θανάτου
1573 1375 1864 1423 καταφρονεῖν

209 1438 278 1478 καὶ
313 1432 527 1485 πολλάκις
558 1435 620 1485 εἰς
650 1436 810 1489 μέσους
840 1433 954 1491 ἡμᾶς
986 1434 1209 1489 ἐκτρέχειν,
1242 1429 1317 1476 οὐκ
1347 1433 1495 1476 ἐλπίδι
1526 1436 1603 1476 τοῦ
1633 1429 1865 1490 κρατήσειν

214 1502 322 1545 αλλὰ
354 1502 427 1546 διὰ
460 1501 597 1557 ψιλὴν
628 1502 843 1553 ἐπίδειξιν
876 1498 1099 1554 ἀνδρείας·
1136 1499 1249 1555 ’ὑμᾶς
1281 1501 1327 1543 δὲ
1357 1500 1564 1556 τούςγῆς
1596 1497 1744 1557 ὀλίγου
1776 1501 1865 1544 δεῖν

211 1568 387 1626 ἁπάσης
422 1571 495 1612 καὶ
535 1569 768 1625 θαλάσσης
805 1571 1090 1624 κρατοῦντας,
1131 1568 1197 1618 οἷς
1235 1570 1305 1610 καὶ
1341 1566 1389 1609 τὸ
1422 1566 1480 1624 μὴ
1523 1571 1645 1611 νικᾶν
1683 1565 1865 1619 ὄνειδος,

211 1634 313 1693 μηδ’
351 1636 474 1686 ἅπαξ
502 1636 563 1686 εἷς
594 1636 694 1686 τοὺς
726 1638 966 1691 πολεμίους
997 1635 1393 1689 παραβάλλεσθαι,
1426 1639 1678 1690 περιμένειν
1710 1636 1755 1678 δὲ
1788 1635 1865 1678 τὸν

213 1703 340 1758 λιμὸν
360 1720 441 1745 κατ
486 1703 628 1746 αὐτῶν
649 1705 720 1745 καὶ
742 1702 792 1759 τι]
799 1722 820 1745 ν
840 1703 968 1759 τέχην
991 1698 1148 1758 ἂργοις
1169 1702 1489 1755 καθεζομένους
1512 1719 1623 1756 μετα
1653 1719 1864 1745 τοιοιτων

211 1766 374 1822 όπλων,
405 1771 477 1812 καὶ
508 1773 646 1813 ταῦτα
679 1766 738 1813 δι)
775 1766 923 1824 ὀλίγοι
964 1772 1041 1812 τοῦ
1081 1769 1338 1824 παραβόλου
1369 1786 1417 1810 το
1452 1771 1542 1811 πᾶν
1578 1771 1865 1824 κατορθῶσαι

212 1839 497 1892 δυναμένουςς
537 1833 776 1892 αναβάντες
805 1839 906 1892 γοῦν
938 1836 1013 1879 επὶ
1043 1835 1121 1892 τῂν
1147 1830 1385 1878 Αιτωιίαν
1422 1836 1573 1889 ε’χομεν
1606 1835 1680 1893 τὴν
1711 1835 1864 1878 πόλιν·

209 1907 280 1948 καὶ
301 1898 424 1960 γὰρ
407 1921 459 1947 αν
481 1909 654 1961 γίνηταί
683 1921 750 1954 τις
779 1904 843 1947 ἐτι
874 1920 989 1958 προς
1019 1920 1121 1953 τοις
1152 1903 1287 1955 ε’νδον,
1319 1899 1430 1956 όπερ
1462 1899 1537 1945 οἰκ
1568 1908 1705 1957 οιμαι,
1737 1902 1864 1959 μάχη,

319 2082 932 2127 PAMLVRCLatSyrHegesippus
956 2083 988 2116 V
1012 2085 1051 2116 27
1079 2094 1112 2127 p.
1139 2086 1203 2118 336
1217 2094 1268 2127 sq.

324 2146 335 2175 1
365 2141 403 2177 δὲ
427 2140 493 2175 VR
608 2138 820 2180 δυσκόλοισ,
847 2152 906 2174 oco
930 2140 951 2172 i.
979 2149 1049 2173 ras.
1076 2139 1210 2174 minore
1235 2140 1267 2172 A
1389 2141 1408 2172 2
1433 2136 1485 2179 ἐν]
1511 2133 1575 2174 ἐπ’
1601 2137 1774 2173 Destinon

211 2196 278 2233 οὐκ
303 2194 490 2244 ἄκαρπον]
515 2192 718 2242 κᾶκαρπον
742 2195 780 2228 Μ
881 2198 902 2229 4
927 2195 995 2239 μὲν
1022 2189 1099 2236 οὖν]
1124 2205 1191 2230 om.
1217 2195 1246 2229 L
1272 2194 1414 2240 quidem
1439 2194 1508 2228 Lat
1622 2194 1739 2238 ὑμῶν]
1764 2191 1866 2238 ὑμᾶσ

209 2252 275 2288 VR
298 2250 383 2296 ὑμῖν
407 2253 542 2297 primus
569 2256 608 2286 ut
633 2251 702 2287 uid.
729 2250 879 2285 Hudson
977 2246 1208 2298 οἷποτρὲπων
1233 2251 1259 2285 Ρ
1374 2246 1408 2296 ἡ]
1436 2250 1472 2286 οὶ
1496 2250 1529 2285 R
1644 2253 1663 2284 6
1689 2246 1774 2295 γὰρ]
1799 2249 1868 2293 μὲν

212 2303 278 2346 οὖν
301 2309 339 2343 Μ
448 2312 465 2342 7
493 2304 528 2343 δ’
554 2307 613 2342 LO
720 2305 780 2349 τὸ]
806 2310 860 2343 τεῦ
884 2308 917 2342 Α
1033 2310 1051 2342 8
1078 2310 1131 2354 τῷ
1157 2318 1223 2342 om.
1249 2306 1375 2342 LVRC
1492 2310 1511 2341 9
1536 2303 1622 2353 γὰρ]
1647 2306 1716 2351 μὲν
1740 2302 1813 2353 γὰρ
1838 2305 1867 2339 L

209 2366 291 2400 fort.
310 2368 406 2399 recte
501 2368 540 2399 10
566 2364 752 2405 ἰουδαίων,
778 2377 798 2398 ν
814 2363 837 2398 i.
857 2373 928 2399 ras.
946 2364 978 2398 A
1070 2362 1109 2398 δὲ
1125 2363 1292 2398 AMVRC
1385 2361 1541 2398 ἐκείνων
1567 2377 1582 2393 *
1595 2377 1610 2393 a*
1623 2376 1639 2393 *
1653 2377 1668 2393 *
1683 2377 1698 2393 *
1715 2368 1778 2398 αῖσ
1795 2362 1822 2396 Ρ

211 2424 275 2465 τῆς
298 2418 480 2467 ὑμετέρας
505 2417 639 2466 ἀρετῆς
664 2419 840 2454 Destinon
955 2432 995 2455 τε
1025 2429 1093 2456 om.
1117 2419 1144 2453 P
1168 2419 1342 2463 probante
1365 2418 1561 2453 Destinone
1677 2422 1714 2453 11
1743 2431 1868 2463 συνερ-

208 2478 331 2521 γειαισ
355 2477 438 2511 V¹R
545 2479 584 2511 12
608 2478 671 2511 καὶ
695 2477 791 2517 (ante
817 2475 916 2520 δίχα)
941 2485 1008 2510 om.
1033 2474 1063 2508 L
1170 2477 1209 2510 13
1235 2471 1320 2511 ἀλλ’
1343 2471 1377 2521 ἢ]
1403 2469 1494 2520 α’λλὴ
1520 2475 1583 2508 ΡΑ
1607 2470 1694 2511 ἀλλ’
1718 2470 1740 2520 ἢ
1764 2470 1796 2519 (ἢ
1823 2473 1867 2515 R)

209 2532 269 2567 RC
405 2533 473 2577 μὲν
498 2529 552 2578 εἴη
576 2534 693 2577 μῆνις]
718 2531 820 2575 μένει
844 2527 864 2576 ἦ
890 2533 1001 2576 μῆνισ
1024 2530 1107 2565 V²R
1130 2530 1199 2574 μὲν
1222 2528 1242 2576 ἦ
1267 2533 1378 2576 μῆνισ
1402 2541 1446 2565 ex
1471 2541 1561 2566 corr.
1587 2542 1631 2566 m.
1659 2534 1677 2565 3
1702 2531 1736 2565 V
1757 2543 1867 2576 μηνισ

209 2587 310 2631 μένει
336 2587 361 2621 C
470 2583 505 2622 δ’
530 2587 590 2622 LC
701 2591 739 2621 15
767 2581 835 2622 οὐκ
859 2582 906 2622 ἂν
930 2596 973 2621 ex
997 2583 1069 2622 κᾶν
1094 2597 1184 2621 corr.
1211 2588 1242 2620 A
1349 2587 1388 2623 δὲ
1411 2586 1511 2622 LVR
1619 2589 1657 2622 16
1683 2586 1868 2622 ἰουδαίοισ

210 2643 408 2677 PAMVRC
522 2639 708 2684 Ἰουδαίοις
731 2642 800 2686 μὲν
824 2642 876 2684 εἰς
901 2642 1044 2686 πολλὴν
1076 2640 1251 2688 αἰσχύνην
1275 2643 1403 2689 φέρειν
1427 2642 1601 2678 Destinon
1715 2637 1773 2686 οὐ]
1799 2652 1865 2676 om.

210 2699 283 2738 PA,
308 2703 389 2733 ante
414 2699 519 2744 φέρει
543 2701 587 2733 tr.
615 2698 750 2733 MVRC
861 2702 898 2733 17
925 2695 1018 2745 ὑπὲρ
1043 2711 1083 2734 τε
1107 2700 1175 2734 τοῦ
1199 2698 1372 2733 Destinon
1484 2701 1521 2733 18
1546 2697 1674 2740 ἐλπίδι]
1700 2696 1867 2734 ἐπελπίδι

210 2756 243 2787 Α
266 2751 330 2790 ἐπ’
356 2753 473 2791 ἐλπίδι
499 2754 537 2786 Μ
657 2757 694 2788 19
719 2751 776 2790 διὰ
803 2752 924 2800 ψιλὴν]
950 2750 1109 2800 δαψιλὴν
1132 2753 1161 2787 L
1277 2749 1434 2799 ἄνδρίασ
1458 2754 1506 2790 V²
1617 2752 1721 2799 ἤμᾶσ
1746 2753 1785 2787 Μ

210 2813 278 2856 γῆν
302 2810 328 2844 C
422 2813 463 2843 20
489 2810 614 2855 πάσησ
637 2809 667 2843 L
761 2807 954 2856 θαλάττησ
977 2810 1006 2843 L
1111 2812 1149 2843 21
1176 2808 1266 2855 μηδὲ
1290 2809 1384 2844 VRG
1477 2808 1768 2856 παραβαλέσθαι
1794 2808 1821 2842 Ρ

211 2863 256 2902 τὸ
282 2865 492 2913 περιμένειν
516 2865 546 2898 L
639 2868 680 2899 22
705 2861 794 2901 κατ’
821 2862 956 2907 αὐτῶν]
988 2867 1137 2900 καυτιῦν
1160 2864 1193 2899 R
1286 2867 1328 2898 24
1352 2861 1498 2910 ἔχομεν]
1524 2864 1728 2901 habebimus
1752 2864 1821 2898 Lat

213 2924 253 2955 25
280 2919 408 2966 οἴομαι
434 2921 530 2955 LVR
620 2918 731 2966 μάχη]
756 2918 915 2966 διαμάχη
939 2920 968 2954 L

1896 905 1931 936 10

1897 1241 1932 1272 15

1896 1577 1933 1608 20

1897 1911 1933 1944 25
