2039 3251
86 892 120 924 10

84 1230 118 1262 15

81 1568 118 1601 20

80 1906 117 1938 25

574 163 639 197 DE
667 163 823 198 BELLO
849 163 945 199 IUD.
973 163 1038 198 VII
1065 165 1242 199 347—356
1267 165 1339 207 (vm
1367 167 1399 206 τ)
1739 164 1819 202 615

154 277 413 333 μεταβολῆς.
465 272 568 319 ὅτου
599 276 681 332 γὰρ
714 269 766 319 ἀν
800 276 912 334 ψυχὴ
946 276 1240 333 προσψαύσῃ,
1273 279 1402 320 τοῦτο
1436 276 1483 332 ζῆ
1513 279 1585 321 καὶ
1617 279 1818 334 τέθηλεν,
1851 280 1931 322 348

155 340 258 387 ὅτου
282 339 323 386 δ’
351 337 403 386 ἂν
435 339 681 400 ἀπαλλαγῇ,
714 345 944 399 μαρανθὲν
976 340 1275 399 ἀποθνήσκει·
1308 346 1518 387 τοσοῦτον
1551 340 1661 400 αὐτῇ
1691 350 1820 401 περί-

156 426 275 455 εστιν
303 406 570 461 ἀθανασίας.
621 408 759 462 ’ὕπνος
791 412 837 455 δὲ
867 411 1097 469 τεκμήριον
1129 409 1229 465 ὑμῖν
1261 412 1374 454 ἔστω
1405 415 1492 454 τῶν
1524 412 1662 468 λόγων
1694 411 1819 466 ἐναρ-
1852 416 1933 456 349

154 479 378 534 γέστατον,
413 479 456 522 ἐν
479 476 513 535 ᾧ
537 481 675 535 ψυχαὶ
696 481 774 522 τοῦ
806 479 1009 534 σώματος
1042 475 1177 528 αὐτὰς
1207 478 1263 535 μη
1298 482 1608 534 περισπῶντος
1639 477 1821 537 ἡδίστην

152 547 231 601 μὲν
253 546 424 600 ἔχουσιν
447 543 700 590 ἀνάπαυσιν
723 542 796 603 ἐφ’
824 544 965 589 αὑτῶν
986 545 1228 601 γενόμεναι,
1261 548 1358 602 θεῷ
1381 542 1421 588 δ)
1449 544 1685 600 ὁμιλοῦσαι
1708 546 1819 590 κατὰ

156 614 403 670 συγγένειαν
442 614 585 672 πάντη
625 615 703 668 μὲν
743 613 1034 669 ἐπιφοιτῶσι,
1078 613 1223 656 πολλὰ
1261 613 1307 656 δὲ
1336 616 1425 656 τιῦν
1458 614 1676 669 ἐσομένων
1708 632 1820 672 προ-

152 682 436 733 θεσπίζουσι.
494 686 539 725 τί
578 682 628 740 δὴ
671 683 739 725 δεῖ
777 681 971 724 δεδιέναι
1009 681 1209 724 θάνατον
1245 681 1322 738 τὴν
1355 681 1398 725 ἐν
1428 677 1554 739 ’ὕπνῳ
1584 683 1817 740 γινομένην
1851 685 1931 726 350

154 744 408 793 ἀνάπαυσιν
449 745 738 805 ἀγαπ(ῦντας,·
777 751 873 798 πῶς
911 744 953 790 δ)
990 748 1065 791 οὐκ
1097 745 1283 806 ἀνόητόν
1316 748 1434 794 ἔστιν
1463 749 1544 807 την
1576 750 1619 793 ἐν
1649 754 1712 807 τῷ
1745 752 1817 807 ζῆν

154 815 412 872 ἐλευθερίαν
458 816 695 867 διώκοντας
739 819 815 873 τῆς
855 812 1003 860 ἀιδίου
1045 820 1234 873 φθονεῖν
1277 814 1450 871 αὗτοῖς,·
1494 818 1582 861 ἔδει
1623 819 1702 873 μὲν
1743 810 1818 862 οὖν
1849 822 1927 862 351

151 880 266 940 ἡμᾶς
306 884 486 927 οἴκοθεν
525 884 908 938 πεπαιδευμένους
948 881 1100 935 ἀλλοις
1139 883 1253 927 εἶναι
1284 885 1568 940 παράδειγμα
1600 889 1676 944 τῆς
1707 886 1821 939 πρὸς

152 951 354 994 θάνατον
393 952 697 1010 ἑτοιμότητος·
739 948 788 994 οὐ
820 951 905 1009 μὴν
937 947 1035 994 ἀλλ)
1073 952 1111 995 εἰ
1141 954 1213 995 καὶ
1245 955 1320 1010 τῆς
1351 953 1475 1009 παρὰ
1506 956 1592 996 τιῦν
1624 951 1821 1011 ἀλλοφύ-

153 1020 240 1062 λων
281 1019 479 1074 δεόμεθα
517 1023 731 1072 πίστεως,
772 1021 1009 1075 βλέψωμεν
1049 1020 1112 1070 εἷς
1137 1017 1296 1070 Ἰνδοὺς
1333 1019 1436 1070 τους
1476 1025 1639 1077 σοφίαν
1672 1017 1819 1065 ἀσκεῖν

151 1083 538 1141 ὑπισχνουμένους.
599 1087 757 1130 ἐκεῖνοί
794 1104 841 1130 τε
871 1087 952 1143 γὰρ
985 1085 1107 1138 ὄντες
1139 1085 1293 1144 ἄνδρες
1325 1084 1492 1144 ἀγαθοὶ
1523 1088 1599 1131 τὸν
1630 1089 1708 1142 μὲν
1739 1092 1816 1132 τοῦ
1850 1093 1930 1133 352

153 1154 227 1212 ζῆν
262 1154 418 1209 χρόνον
456 1150 608 1209 ὥσπερ
645 1151 885 1210 ἀναγκαίαν
915 1154 1013 1198 τινὰ
1045 1157 1099 1211 τῇ
1131 1155 1262 1212 φύσει
1294 1157 1568 1212 λειτουργίαν
1600 1152 1819 1207 ἀκουσίως

150 1219 435 1276 ὑπομένουσι,
469 1222 711 1266 σπεύδουσι
743 1223 789 1265 δὲ
820 1221 899 1273 τὰς
931 1221 1075 1277 ψυχὰς
1106 1218 1331 1266 ἀπολῦσαι
1361 1226 1448 1266 τιῦν
1481 1223 1711 1278 σωμάτων,
1743 1226 1815 1267 καὶ
1849 1227 1929 1268 353

150 1288 338 1346 μηδενὸς
360 1286 518 1340 αὐτοὺς
540 1290 793 1346 ἐπείγοντος
813 1293 945 1333 κακοῦ
966 1287 1071 1347 μηδ’
1100 1290 1404 1341 ἐξελαύνοντος
1423 1288 1561 1347 πόθῳ
1592 1294 1668 1349 τῆς
1699 1288 1818 1334 ἀθα-

151 1357 283 1400 νάτου
326 1358 499 1414 διαίτης
537 1359 803 1414 προλέγουσι
842 1359 920 1412 μὲν
951 1367 1044 1408 τοῖς
1075 1355 1227 1408 ἄλλοις
1256 1354 1326 1402 ὅτι
1356 1360 1589 1413 μέλλουσιν
1621 1356 1817 1412 ἀπιέναι,

150 1427 223 1468 καὶ
263 1424 381 1468 ἔστιν
413 1423 434 1468 ὁ
468 1425 675 1468 κωλύσων
708 1422 871 1479 οὐδείς,
914 1422 1025 1468 ἀλλὰ
1057 1425 1220 1476 πάντες
1252 1422 1410 1476 αὐτοὺς
1441 1424 1818 1481 εὐδαιμονίζοντες

150 1491 265 1547 πρὸς
285 1492 387 1542 τοὺς
409 1492 595 1543 οἰκείους
624 1493 800 1536 ἕκαστοι
831 1493 1033 1537 διδόασιν
1065 1493 1325 1544 ἐπιστολάς·
1359 1490 1497 1545 οὕτως
1525 1498 1711 1549 βεβαίαν
1740 1496 1813 1537 καὶ
1847 1497 1930 1537 354

149 1556 461 1618 ἀληθεστάτην
482 1569 580 1611 ταῖς
603 1569 763 1615 ψυχαῖς
783 1559 860 1618 τὴν
881 1557 978 1615 μετ’
1006 1557 1205 1619 ἀλλήλων
1228 1559 1338 1604 εἶναι
1362 1562 1538 1605 δίαιταν
1570 1561 1814 1604 πεπιστεύ-

147 1643 288 1671 κασιν.
341 1628 383 1670 οἳ
421 1624 461 1670 δ’
498 1627 680 1671 ἐπειδὰν
712 1627 994 1671 ἐπακούσωσι
1024 1632 1109 1671 τιῦν
1142 1629 1462 1683 ἐντεταλμένων
1495 1626 1662 1681 αὐτοῖς,
1704 1631 1813 1684 πυρὶ
1847 1632 1929 1672 355

147 1694 196 1737 τὸ
231 1697 360 1749 σῶμα
390 1695 688 1751 παραδόντες,
731 1695 856 1746 ὅπως
887 1695 937 1753 δη
969 1698 1042 1739 καὶ
1072 1697 1396 1755 καθαρωτάτην
1428 1693 1705 1752 ἀποκρίνωσι
1734 1699 1813 1740 τοῦ

149 1762 354 1817 σώματος
382 1762 461 1821 τὴν
492 1763 646 1820 ψυχήν,
678 1761 942 1818 ’ὑμνούμενοι
971 1766 1250 1808 τελευτῶσιν·
1283 1766 1389 1822 ῥᾷον
1418 1765 1499 1821 γὰρ
1531 1765 1721 1816 ἐκείνους
1752 1765 1815 1816 εἷς
1845 1767 1925 1808 356

147 1829 224 1872 τὸν
262 1830 462 1874 θάνατον
504 1831 546 1874 οἱ
586 1832 796 1888 φίλτατοι
827 1834 1176 1886 προπέμπουσιν
1206 1826 1233 1888 ἢ
1262 1835 1350 1875 τῶν
1382 1830 1528 1875 ἄλλων
1559 1829 1816 1888 ἀνθρώπων

149 1898 325 1942 ἕκαστοι
346 1898 447 1949 τοὺς
468 1900 658 1949 πολίτας
680 1899 742 1949 εἷς
763 1903 976 1956 μηκίστην
998 1894 1268 1956 ἀποδημίαν,
1300 1902 1372 1943 καὶ
1399 1903 1517 1958 σφᾶς
1546 1901 1626 1955 μὲν
1658 1897 1815 1951 αὐτοὺς

151 1965 423 2022 δακρύουσιν,
456 1966 645 2017 ἐκείνους
667 1967 714 2009 δὲ
735 1966 1050 2020 μακαρίζουσιν
1070 1963 1151 2023 ἤδη
1173 1967 1251 2023 τὴν
1284 1963 1512 2011 ἀθάνατον
1543 1968 1668 2019 τάξιν
1699 1966 1815 2011 ἀπο-

261 2076 802 2121 PAMLVROLatHegesippus
827 2078 860 2113 V
886 2081 927 2113 53
952 2089 987 2122 p.
1014 2081 1079 2113 379
1094 2088 1145 2122 sq.

268 2137 280 2167 1
307 2146 403 2178 μετα
415 2134 418 2178 Ι
432 2148 448 2164 *
461 2148 476 2164 ἦε
504 2136 573 2180 λῆσ
589 2133 617 2167 Ρ
688 2132 932 2180 προσψαύσῃ]
950 2132 1066 2181 πρὸσ]
1080 2130 1246 2182 σάψηται
1263 2135 1294 2168 Α
1312 2131 1559 2181 προσάψηται
1576 2135 1744 2171 MLVRC

150 2191 170 2224 2
196 2186 289 2236 αὗτῆ
311 2189 342 2223 L
436 2193 455 2225 3
481 2188 551 2226 τὸν
574 2190 693 2236 λόγον
716 2189 994 2237 ἐναργέστερον
1019 2191 1045 2226 O
1139 2195 1159 2226 4
1185 2197 1325 2237 ψυχαῖσ
1349 2190 1377 2224 Ρ
1480 2188 1529 2237 μὴ
1556 2202 1624 2226 om.
1649 2191 1744 2226 PAL

150 2250 170 2281 5
195 2247 263 2281 litt.
290 2244 357 2292 ἐφ’
384 2242 509 2282 αἱττιῦν
532 2260 555 2292 γ
578 2247 600 2281 i.
626 2256 697 2282 ras,
714 2247 747 2280 A
883 2243 947 2293 ἐφ’
973 2245 1118 2284 ἑαυτῶν
1142 2251 1177 2291 (ν
1201 2247 1318 2292 suppl.
1337 2247 1388 2289 M)
1408 2246 1576 2282 MLVRC
1713 2245 1814 2294 γινό-

147 2315 258 2346 μεναι
282 2302 310 2336 Ρ
410 2302 449 2339 δὲ
474 2302 580 2338 MVR
696 2306 715 2337 6
740 2300 875 2349 πάντη]
901 2306 1014 2340 παντὶ
1038 2305 1070 2337 Α
1186 2305 1513 2351 προθεσπίζουσιν
1538 2303 1632 2339 LVC
1726 2307 1744 2337 7
1771 2301 1812 2349 δὴ

148 2361 214 2399 δεῖ]
231 2357 370 2393 VRLat
387 2355 427 2404 δὴ
446 2359 525 2393 PA¹
543 2361 598 2395 δεῖ
614 2359 650 2393 Μ
669 2361 704 2394 et
722 2368 766 2393 ex
783 2369 873 2394 corr.
891 2361 923 2393 A
941 2360 979 2396 δὲ
1004 2363 1060 2396 δεῖ
1074 2359 1134 2394 LO
1204 2360 1410 2406 γενομένην
1433 2360 1464 2394 L
1542 2364 1561 2395 8
1587 2360 1626 2397 δὲ
1649 2360 1745 2395 VRC

149 2416 228 2458 ζεῖν
253 2414 279 2448 O
349 2418 370 2450 9
395 2418 597 2461 φθονεῖσαι
622 2415 655 2450 R
680 2418 872 2460 φθονῆσαι
896 2415 984 2460 Lips
1055 2412 1189 2453 αὖτοῖσ
1212 2417 1346 2452 ALVR
1371 2415 1524 2453 ἓαυτοῖσ
1549 2416 1576 2451 C
1650 2420 1689 2451 10
1714 2414 1815 2461 ῧμᾶσ

146 2470 208 2505 PL
297 2473 334 2506 11
364 2465 408 2507 οὗ
431 2468 505 2516 μὴν
529 2466 627 2512 ἀλλ’]
652 2481 736 2505 ozam
759 2471 829 2505 Lat
914 2469 1149 2519 ἀλλοφύλων,
1175 2486 1195 2509 ο
1221 2484 1265 2508 ex
1291 2488 1321 2509 ω
1347 2483 1437 2508 corr.
1464 2472 1535 2507 uid.
1560 2473 1594 2508 V
1681 2476 1721 2507 15
1745 2469 1815 2515 τὰς

147 2523 281 2573 ψυχὰς]
306 2526 467 2562 homines
490 2527 562 2562 Lat
653 2530 730 2564 τῶν
753 2527 858 2563 iterat
883 2528 922 2562 M
1039 2531 1079 2563 16
1102 2530 1406 2575 κατεπείγοντοσ
1430 2529 1456 2563 C
1560 2529 1650 2575 μηδὲ
1674 2528 1707 2563 R

146 2581 428 2626 ἐξελαύνοντοσ,
455 2597 478 2619 α
502 2584 526 2618 i.
548 2593 617 2619 raS.
635 2585 669 2618 A
784 2579 992 2625 ἀθανάτου,
1016 2598 1086 2622 του
1108 2586 1130 2621 1’.
1156 2596 1226 2621 ras.
1252 2586 1285 2620 V
1402 2589 1441 2619 17
1467 2584 1643 2629 μέλλουσι
1666 2585 1700 2618 A

147 2633 298 2676 ἀπεῖναι
322 2639 487 2674 PMVRC
583 2642 623 2674 19
647 2637 822 2676 διδώασιν
847 2640 873 2675 C
967 2635 1067 2677 οὕτω
1091 2641 1186 2677 VRC
1280 2644 1321 2676 20
1347 2638 1442 2677 εἶναι
1467 2651 1535 2676 om.
1559 2640 1590 2674 L
1683 2652 1810 2676 πεπει-

147 2692 347 2731 στεύκασιν
372 2695 398 2729 C
497 2698 536 2729 21
565 2695 603 2732 δὲ
626 2695 722 2731 VRO
816 2693 1008 2733 ἀκούσωσι
1032 2698 1063 2732 L
1177 2698 1244 2733 litt.
1270 2699 1330 2744 υρὶ
1355 2694 1399 2733 τὸ
1425 2699 1535 2741 σῶμα
1562 2706 1665 2731 euan.
1691 2697 1719 2731 P

147 2752 190 2784 22
214 2748 259 2787 τὸ
285 2761 314 2787 Β.
341 2752 367 2786 C
436 2750 713 2796 παραδιδόντεσ
735 2752 766 2787 L
837 2747 942 2796 ὅπως
960 2775 998 2778 -
1017 2752 1310 2800 καθαρωτάτην]
1335 2759 1375 2789 ut
1391 2752 1622 2788 immaculata
1643 2763 1813 2798 puraque

145 2805 216 2840 Lat
329 2803 582 2855 ἀποκρίνωσι,
610 2822 639 2844 ω
665 2817 707 2842 ex
732 2821 777 2844 ου
801 2820 893 2844 corr.
918 2810 951 2844 A
975 2805 1227 2856 ἀποκρίνουσι
1250 2810 1350 2846 LVR
1379 2805 1484 2846 άπο*
1499 2823 1572 2840 *³³*
1587 2810 1666 2854 *Ισι
1691 2809 1719 2843 Ρ

147 2863 190 2895 24
214 2863 447 2907 φίλτατοι**
462 2864 498 2909 *Ι
524 2864 735 2908 πέμπουσιν
757 2865 785 2899 Ρ
927 2869 967 2901 25
993 2864 1159 2903 ἕκαστοσ
1191 2867 1250 2902 LC
1390 2869 1432 2901 26
1463 2863 1530 2912 ἤδη
1554 2862 1625 2910 τὴ*
1642 2864 1676 2910 *Ι
1691 2859 1809 2901 θάνα-

144 2929 215 2954 τον
238 2917 266 2952 P
