2039 3251
611 173 676 207 DE
703 173 860 208 BELLO
886 173 982 210 IUD.
1010 173 1076 208 vll
1104 177 1188 209 1-4
1214 177 1236 214 (1
1268 179 1296 216 ¹)
1699 175 1776 211 571

895 846 998 900 VII.

117 980 753 1042 ψλαυιόυἼωσήπου
803 981 1056 1043 ἱστορία
1097 982 1463 1030 Ἰουδαϊκοῦ
1506 984 1777 1043 πολέμου

1345 1060 1389 1077 ’,ΔΙ

487 1060 639 1120 πρὸς
669 1059 1012 1119 Ῥωμαίους
1050 1061 1306 1122 βιβλίον
1344 1082 1368 1118 ι,
1395 1100 1404 1109 .

225 1196 258 1238 Ι.
293 1200 329 1239 1.
383 1191 510 1238 Ἐπεὶ
544 1191 584 1236 6'
613 1192 712 1237 οἰῗτε
744 1195 945 1252 φονεύειν
977 1192 1077 1237 οἰῖτε
1104 1195 1370 1273 διαρπάζειν
1402 1193 1513 1248 εἶχεν
1547 1194 1777 1253 ἡστρατιὰ
1812 1199 1828 1236 1

113 1262 294 1305 πάντων
338 1272 432 1312 τοῖς
470 1266 634 1317 θυμοῖς
674 1262 1020 1313 ἐπιλειπόντων,
1068 1260 1116 1304 οὐ
1158 1262 1240 1317 γὰρ
1288 1263 1338 1320 δή
1380 1280 1427 1317 γε
1469 1265 1619 1319 ([ειδοῑ
1657 1281 1778 1314 τινος

114 1330 295 1382 ειιελλον
327 1327 580 1384 ἀφέξεσθαι
612 1330 752 1383 δρᾶν
742 1330 923 1382 ἔχοντες,
955 1330 1116 1372 κελειει
1141 1335 1317 1383 Καῖσαρ
1352 1327 1430 1386 ἤδη
1463 1332 1540 1388 τηι
1571 1348 1617 1373 τε
1644 1331 1777 1374 πόλιν

115 1392 296 1440 άπασαν
325 1415 398 1441 και
428 1397 505 1441 τὸν
537 1415 645 1440 νεων
675 1398 1015 1449 κατασκάπτειν,
1052 1397 1244 1452 πίργοτς
1275 1399 1352 1451 μὲν
1383 1393 1483 1442 όσοι
1514 1401 1601 1440 τῶν
1633 1396 1778 1440 ἄλλων

66 1480 84 1510 5
114 1462 540 1545 ὑπερανειστήκεσαν
580 1466 929 1520 καταλιπόντας,
974 1464 1212 1520 Φασάηλον
1240 1463 1449 1508 Ἱππικὸν
1482 1466 1777 1521 Μαριάμμην,

113 1542 254 1585 τεῖχος
286 1529 326 1575 6
353 1529 458 1576 ὅσον
488 1531 539 1588 ἠν
571 1531 655 1582 εξ
637 1536 828 1588 εσπέρας
858 1532 934 1588 τὴν
958 1533 1091 1576 πόλιν
1122 1536 1336 1586 περιέχον
1367 1535 1496 1575 τοῦτο
1528 1537 1619 1587 μέν,
1652 1528 1777 1583 όπως
1809 1535 1833 1573 2

114 1616 180 1658 ειη
219 1610 313 1651 τοῖς
343 1601 812 1656 ὑπολειφθησομένοις
844 1609 1055 1656 φρουροῖς
1087 1600 1409 1653 στρατόπεδον,
1450 1601 1552 1650 τοίς
1584 1616 1778 1655 πιργους

114 1668 173 1719 δέ,
205 1668 279 1710 ἵνα
308 1678 402 1718 τοῖς
423 1669 579 1710 ἔπειτα
611 1672 886 1723 σημαίνωσιν
919 1667 1015 1717 οἵας
1038 1667 1213 1717 πόλεως
1243 1671 1315 1710 καὶ
1347 1672 1446 1711 τίνα
1476 1668 1645 1722 τρόπον
1676 1663 1776 1721 ὀχυ-

114 1737 194 1789 ρᾶς
216 1732 354 1786 οὕτως
377 1736 610 1792 ἐκράτησεν
641 1732 917 1792 ἡίΡωμαίων
949 1732 1245 1791 ἀνδραγαθία.
1296 1734 1373 1778 τὸν
1406 1732 1446 1778 6'
1475 1733 1607 1778 ἄλλον
1631 1730 1776 1777 ἅπαν-
1808 1739 1831 1778 3

47 1816 83 1848 10
113 1820 168 1845 τα
207 1805 284 1860 τῆς
314 1803 488 1854 πόλεως
525 1804 763 1858 περίβολον
805 1798 944 1853 οὕτως
986 1802 1262 1856 ἐξωμάλισαν
1302 1804 1343 1846 οἱ
1374 1803 1773 1853 κατασκάπτοντες,

112 1867 171 1920 ὡς
200 1867 494 1928 μηδεπώποτ’
540 1871 778 1928 οἰκηθῆναι
809 1875 964 1914 πίστιν
997 1865 1049 1913 ἂν
1081 1871 1147 1914 ἔτι
1178 1880 1422 1926 παρασχεῖν
1453 1880 1548 1920 τοῖς
1584 1871 1776 1924 προσελ-

110 1941 260 1981 θοῦσι.
319 1942 448 1982 τοῦτο
480 1939 558 1992 μὲν
591 1930 665 1981 οὖν
695 1938 744 1981 τὸ
778 1939 902 1988 τέλος
934 1937 978 1980 ἐκ
1009 1941 1086 1994 τῆς
1117 1941 1204 1981 τῶν
1235 1938 1589 1993 νεωτερισάντων
1621 1935 1776 1987 ἀνοίας
1808 1942 1832 1979 4

107 2003 431 2061 Ἱεροσολύμοις
471 2005 658 2061 ἐγένετο,
700 2007 884 2063 λαμπρᾷ
914 2022 962 2048 τε
993 2006 1124 2048 πόλει
1159 2008 1232 2049 καὶ
1265 2006 1388 2061 παρὰ
1420 2008 1560 2048 πᾶσιν
1593 2001 1775 2057 ἀνθρώ-

111 2090 215 2124 ποις
246 2073 555 2131 διαβοηθείσῃ.

221 2219 496 2254 AMLVRCLat

223 2286 363 2321 Titulos
392 2286 641 2330 praemittunt:
673 2290 793 2332 λογοσ
819 2277 1023 2332 ζ-φλαυΐου
1054 2286 1225 2332 ἰωσηπου
1253 2300 1337 2332 περι
1363 2284 1546 2323 αλώσεωσ
1583 2286 1776 2331 ἰουδαϊκῆσ

109 2353 285 2401 ἱστορίασ
310 2356 341 2388 Α
366 2351 536 2400 ἰωσήπου
561 2356 646 2401 περὶ
672 2350 856 2390 ἁλωσεωσ
881 2352 1075 2399 ιὀυδαϊκῆσ
1108 2353 1285 2400 ὶστορίασ
1310 2352 1432 2401 λόγοσ
1457 2345 1485 2399 ξ
1501 2355 1539 2388 Μ
1564 2356 1633 2390 τοῦ
1659 2349 1776 2389 αὐτοῦ

111 2435 197 2468 περι
223 2418 405 2458 ἂλώσεωσ
429 2416 549 2467 λόγοσ
567 2419 603 2466 ζ’
630 2421 660 2456 L
686 2423 873 2467 φλαουίου
897 2424 978 2461 (om.
997 2420 1076 2463 VR)
1100 2419 1270 2466 ἰωσήπου
1294 2424 1378 2466 περὶ
1403 2419 1586 2458 ἁλώσεωσ
1612 2418 1731 2467 λόγοσ
1757 2412 1777 2464 ξ

109 2478 222 2520 VRC3
256 2478 298 2513 de
329 2478 400 2512 Lat
429 2479 511 2513 uide
541 2478 622 2512 libri
646 2477 737 2513 sexti
762 2477 901 2511 initium
1044 2481 1057 2511 1
1083 2477 1104 2511 i.
1131 2488 1240 2521 marg.
1268 2476 1305 2514 α’
1332 2479 1358 2513 C
1498 2479 1535 2515 δὲ
1560 2477 1728 2512 MLVRC

109 2532 295 2582 ἁρπάζειν
324 2534 356 2568 R
449 2547 569 2580 στρατ
586 2554 592 2560 -
610 2537 648 2570 ιᾶ
673 2535 706 2567 Α
800 2536 819 2567 2
851 2531 1105 2570 ἐπιλιπόντων
1134 2534 1271 2569 MVRG
1364 2532 1477 2577 τινος]
1509 2532 1629 2570 τονὸσ
1653 2534 1684 2568 L

111 2594 129 2625 3
154 2589 316 2636 ἤμελλον
341 2591 370 2624 L
451 2586 619 2636 άφέξεσθ
636 2609 643 2616 ·
662 2610 671 2616 -
697 2589 722 2623 Ο
806 2588 870 2636 ἤδη
895 2600 962 2624 om.
989 2591 1019 2624 A
1102 2603 1141 2626 τε
1167 2602 1234 2625 om.
1260 2590 1294 2625 R
1376 2595 1394 2624 ὁ
1420 2588 1774 2637 ὑπερανεστήκεσαν

109 2647 169 2681 LC
195 2645 543 2693 προανειστήκεσαν
567 2646 607 2680 Μ
698 2644 1006 2682 καταλειπόντασ
1031 2648 1062 2679 A
1086 2645 1366 2682 καταλιπόντεσ
1392 2646 1450 2681 LO
1475 2645 1774 2689 καταλιπόντασ,

111 2715 160 2738 ασ
184 2712 227 2737 ex
251 2713 341 2738 corr.
367 2703 400 2738 V
504 2700 697 2748 μαριάμην
720 2702 758 2735 Μ
863 2705 882 2736 6
907 2703 1060 2747 τείχουσ
1085 2702 1188 2736 LLat
1294 2703 1332 2739 δὲ
1357 2703 1422 2738 VR
1531 2707 1547 2737 7
1575 2706 1772 2749 φρουροῖς]

109 2764 291 2806 φρουρεῖν
314 2758 344 2792 L
370 2761 404 2792 et
421 2762 461 2792 ut
476 2759 547 2793 uid.
576 2759 645 2793 Lat
730 2761 749 2792 8
775 2764 856 2799 τοῖς
880 2755 1020 2800 ἔπειτα]
1047 2756 1139 2795 τοὺσ
1163 2758 1362 2803 μετέπειτα
1389 2759 1419 2793 L
1502 2762 1565 2795 καὶ
1590 2761 1674 2795 τίνα
1700 2780 1735 2784 -
1754 2762 1774 2793 9

111 2808 243 2856 οὕτως]
268 2825 422 2859 quamue
446 2815 718 2849 munitissimam
744 2814 814 2848 Lat
945 2814 1085 2860 ἐχυρᾶσ
1110 2815 1176 2849 VR
1314 2817 1333 2848 9
1360 2809 1491 2857 οὕτως]
1517 2826 1586 2851 om.
1612 2816 1641 2850 L
1671 2810 1775 2859 ὅμως

109 2869 284 2904 Destinon
309 2872 343 2904 et
365 2870 472 2905 Niese
610 2872 647 2908 δὲ
674 2870 778 2905 MVR
909 2874 943 2905 11
972 2868 1229 2917 μηδεπώποθ’
1256 2880 1299 2904 ex
1323 2870 1474 2916 μηδέπω
1500 2867 1598 2907 πόθ’
1625 2881 1714 2906 corr.
1741 2872 1772 2903 A

108 2923 356 2971 μηδεπώποτε
380 2925 486 2960 MVR
578 2929 811 2972 προελθοῦσι
836 2926 931 2961 VRC
1028 2930 1065 2960 12
1092 2927 1136 2963 τὸ
1164 2938 1233 2963 om.
1258 2925 1386 2961 LVRC
