1987 3246
208 151 326 185 XXVI
938 152 1128 187 Praefatio.

208 264 383 317 uidetis,
427 268 587 305 ceteros
619 268 758 304 autem
790 268 831 305 et
861 269 1076 318 corruptos
1109 270 1149 307 et
1178 280 1204 308 a
1233 269 1518 320 grammaticis
1556 267 1721 310 refictos
1754 281 1857 310 esse.

207 332 291 372 iam
323 344 422 372 uero
454 343 579 382 quam
611 328 679 371 hic
710 331 918 373 cernimus
949 332 1140 374 codicum
1161 333 1379 387 rationem,
1411 335 1588 377 eandem
1609 347 1685 388 per
1716 348 1859 377 omnes

207 399 294 438 fere
324 397 425 438 belli
457 395 618 437 Iudaici
649 396 779 439 libros
811 397 1028 451 habemus,
1061 412 1169 451 quae
1199 413 1308 442 nunc
1339 402 1590 455 exponenda
1621 406 1695 443 est.

317 463 463 504 Facile
486 463 595 504 enim
617 463 838 517 intelleges
870 464 952 506 duo
974 467 1157 507 maxime
1188 467 1379 508 codicum
1401 481 1558 520 genera
1589 482 1681 511 esse
1703 468 1857 511 discer-

205 529 356 581 nenda,
380 543 555 582 quorum
576 531 752 572 alterum
777 532 1011 573 continetur
1033 532 1249 575 codicibus
1272 534 1305 574 P
1328 538 1369 575 et
1389 535 1439 586 A,
1462 535 1533 587 qui
1558 535 1729 588 quidem
1751 537 1859 577 inter

205 610 249 638 se
280 598 527 650 plerumque
566 599 848 651 consentiunt3
888 599 1061 641 alterius
1099 600 1265 652 generis
1305 604 1400 641 sunt
1429 601 1698 655 maximeque
1729 615 1755 643 a
1785 603 1857 643 PA

204 664 360 706 diuersi
391 664 467 705 VR
497 669 538 706 et
569 664 614 707 C.
676 665 830 707 deinde
870 666 1053 708 medium
1095 667 1306 720 quendam
1345 668 1452 708 inter
1490 673 1687 721 utrosque
1718 669 1856 711 locum

202 731 391 772 obtinent
426 732 605 785 primum
637 733 699 785 M,
733 733 802 786 qui
844 737 888 775 ut
918 747 1046 788 saepe
1078 747 1171 775 cum
1203 734 1275 775 PA
1307 734 1533 776 concordat
1563 736 1621 776 ita
1650 749 1732 777 non
1763 749 1857 777 raro

201 798 254 839 ab
287 799 421 839 altera
450 803 569 852 parte
600 804 694 853 stat,
727 800 883 842 deinde
904 801 950 854 L,
983 802 1053 854 qui
1085 802 1126 842 in
1158 802 1265 843 libro
1296 802 1432 854 primo
1464 806 1505 842 et
1534 807 1653 855 parte
1685 802 1857 844 secundi

203 878 296 906 curn
329 865 438 907 VRC
470 868 705 909 consentire
737 868 855 919 solet,
887 868 1041 910 abhinc
1072 874 1213 910 tamen
1247 869 1434 921 pluriens
1465 881 1572 910 cum,
1597 869 1713 910 PAM
1744 870 1856 921 facit,

201 936 421 985 praeterea
450 938 590 975 autem
612 934 745 975 multa
777 934 903 977 habet
925 937 1165 988 singularia.
1218 935 1332 976 haud
1352 935 1560 977 absimilis
1582 940 1645 977 est
1665 935 1857 978 condicio

200 999 358 1042 codicis
381 1000 426 1053 C,
459 1001 529 1054 qui
561 1001 809 1054 plerumque
842 1015 934 1044 cum
957 1003 1030 1043 VR
1052 1003 1295 1045 coniunctus
1326 1006 1389 1044 est
1418 1006 1490 1043 aut
1519 1002 1573 1043 ab
1606 1003 1666 1044 eis
1688 1002 1856 1056 pendet,

200 1067 408 1108 interdum
426 1081 525 1109 uero
548 1081 639 1109 cum
658 1068 729 1109 ΡΑ
747 1069 866 1120 facit3
891 1070 967 1111 sed
988 1071 1023 1112 is
1041 1083 1208 1123 quoque
1231 1069 1345 1111 haud
1366 1083 1460 1111 raro
1483 1074 1671 1111 neutram
1694 1073 1856 1123 partem

199 1134 389 1186 sequitur
419 1139 491 1176 aut
512 1135 625 1176 solus
656 1140 728 1176 aut
750 1137 901 1178 comite
923 1137 968 1177 L.
1012 1137 1194 1190 denique
1216 1138 1389 1179 Latinus
1411 1150 1538 1190 saepe
1561 1137 1705 1189 generi
1727 1137 1856 1189 priori

199 1212 245 1241 se
266 1200 443 1253 addixit,
477 1203 645 1255 saepius
675 1203 830 1244 alteros
862 1204 1060 1256 sequitur,
1093 1204 1301 1246 interdum
1334 1218 1433 1246 uero
1465 1204 1697 1257 peculiaria
1729 1203 1857 1245 habet

198 1270 270 1307 aut
300 1280 393 1308 cum
424 1268 458 1308 L
488 1269 639 1310 aliisue
670 1270 919 1311 communia.

309 1334 422 1375 Inter
453 1334 557 1377 haec
587 1341 727 1378 autem
758 1350 865 1390 quae
898 1337 1080 1379 diximus
1111 1350 1267 1390 genera
1297 1338 1386 1379 sine
1413 1337 1541 1378 dubio
1574 1338 1856 1390 praestantius

198 1400 240 1441 id
273 1406 348 1454 est,
380 1403 497 1444 cuius
528 1408 623 1445 sunt
653 1405 821 1446 codices
854 1405 925 1445 PA
956 1404 1165 1446 adiunctis
1198 1417 1326 1457 saepe
1356 1404 1398 1445 M
1428 1409 1501 1445 aut
1531 1404 1563 1444 L
1594 1408 1666 1444 aut
1690 1404 1854 1456 Latino,

198 1468 242 1508 id
273 1469 385 1521 quod
416 1474 501 1511 tam
532 1472 800 1524 perspicuum
833 1476 907 1525 est,
940 1477 984 1513 ut
1014 1473 1097 1513 iam
1130 1472 1391 1514 Cardwellus
1412 1474 1452 1524 ¹),
1484 1472 1555 1525 qui
1587 1472 1746 1523 primus
1776 1471 1855 1512 Pa-

196 1535 325 1576 risino
357 1549 455 1578 usus
487 1542 571 1589 est,
613 1540 703 1580 eius
734 1541 930 1581 uirtutem
961 1540 1203 1592 agnouerit3
1244 1539 1397 1580 deinde
1427 1539 1617 1591 pluribus
1648 1539 1855 1591 exemplis

197 1600 501 1645 demonstrauit
522 1605 725 1646 Destinon
740 1607 784 1658 2),
807 1619 883 1648 nec
904 1607 1012 1659 fugit
1033 1606 1378 1658 Herwerdenum,
1401 1618 1494 1646 cum
1517 1606 1559 1646 in
1581 1605 1856 1659 Mnemosyna

195 1669 359 1711 Bataua
388 1674 540 1721 nouass)
573 1673 763 1714 codicum
785 1674 821 1714 A
846 1678 886 1715 et
908 1674 947 1714 M
970 1674 1172 1715 lectiones
1194 1686 1220 1714 a
1240 1685 1285 1714 se
1307 1677 1528 1726 excerptas
1551 1672 1706 1714 ederet.
1758 1686 1854 1714 nam

196 1735 342 1778 horum
369 1739 558 1781 codicum
582 1741 712 1781 uirtus
739 1745 855 1781 tanta
876 1746 950 1793 est,
983 1745 1026 1782 ut
1047 1753 1117 1782 eos
1139 1740 1395 1782 recensionis
1428 1739 1550 1781 huius
1581 1739 1854 1782 fundamenta

196 1803 466 1846 habuerimus
497 1819 632 1859 neque
654 1808 707 1849 ab
731 1809 790 1849 eis
823 1807 1138 1850 discesserimus
1170 1808 1249 1849 nisi
1281 1808 1414 1849 rarius
1442 1812 1482 1849 et
1503 1820 1547 1848 re
1569 1807 1738 1860 saepius
1769 1820 1852 1848 me-

196 1870 340 1912 ditata.
402 1872 477 1913 sed
517 1875 709 1926 quamuis
749 1889 903 1928 magna
941 1876 994 1917 sit
1033 1888 1175 1916 eorum
1216 1875 1496 1929 praestantia,
1537 1879 1676 1915 tamen
1716 1887 1853 1928 neque

194 1950 220 1977 a
251 1940 488 1992 corruptela
520 1954 656 1994 neque
688 1942 740 1983 ab
773 1943 1097 1995 interpolatione
1126 1942 1292 1983 fuerunt
1322 1942 1465 1994 liberi;
1506 1954 1634 1994 quare
1674 1942 1852 1984 alterum

195 2018 361 2058 quoque
401 2020 532 2059 genus
572 2008 778 2050 interdum
822 2010 996 2051 meliora
1035 2009 1231 2051 seruauit.
1291 2013 1385 2050 sunt
1424 2008 1605 2061 denique
1637 2009 1741 2061 loci,
1780 2009 1851 2050 ubi

194 2072 320 2114 ualde
368 2073 540 2116 dubium
577 2076 650 2128 sit,
691 2081 827 2117 utrum
868 2089 1000 2129 genus
1041 2077 1216 2118 meliora
1255 2075 1414 2128 tradat;
1451 2088 1529 2117 nec
1559 2075 1679 2117 deest
1710 2076 1781 2116 ubi
1812 2080 1853 2116 et-

193 2152 269 2180 nos
300 2140 341 2180 in
373 2140 562 2183 diuersas
594 2145 820 2185 sententias
856 2144 1084 2185 abierimus
1115 2147 1156 2185 et
1185 2144 1362 2184 fortasse
1393 2143 1488 2194 alii,
1530 2143 1600 2195 qui
1632 2148 1779 2195 postea
1809 2142 1850 2183 in

193 2205 418 2260 Iosephum
449 2209 671 2263 inquirent,
704 2211 928 2253 discessuri
960 2212 1052 2253 sint.

310 2275 432 2317 Nunc
463 2290 514 2317 ea
545 2290 652 2330 quae
685 2277 898 2331 disputata
929 2282 1023 2319 sunt
1054 2278 1260 2331 exemplis
1292 2277 1542 2330 quibusdam
1582 2276 1848 2317 illustrentur.

195 2342 374 2393 primum
407 2344 534 2396 igitur
563 2345 733 2386 nomina
764 2345 972 2398 quaedam
1005 2346 1046 2385 in
1085 2345 1187 2386 solis
1218 2344 1290 2385 PA
1321 2348 1434 2386 recte
1465 2343 1703 2394 traduntur,
1735 2342 1850 2383 uelut

194 2407 214 2446 I
237 2409 389 2461 217sq.
422 2409 623 2452 exhibent
663 2413 883 2464 Μοῦρκος,
925 2425 1017 2453 cum
1048 2413 1090 2453 in
1122 2412 1271 2453 ceteris
1303 2412 1495 2453 omnibus
1527 2415 1568 2452 et
1604 2409 1777 2451 Graecis
1809 2414 1850 2450 et

194 2473 353 2517 Latinis
376 2477 429 2517 sit
450 2475 649 2529 „Maio-mg,
681 2479 793 2532 quod
826 2479 995 2532 quidem
1028 2480 1151 2520 etiam
1176 2479 1217 2519 in
1240 2477 1569 2531 Antiquitatibus
1590 2475 1773 2517 Iudaicis
1794 2476 1847 2516 ab

195 2542 386 2584 omnibus
417 2545 525 2587 falso
556 2545 753 2599 traditur3
784 2560 881 2587 nam
913 2545 961 2595 Q.
986 2546 1126 2588 Staius
1152 2546 1317 2587 Murcus
1349 2545 1439 2585 uiro
1470 2545 1532 2584 illi
1562 2556 1716 2585 nomen
1747 2548 1846 2585 erat.

195 2608 387 2650 similiter
418 2625 457 2664 p.
481 2613 574 2665 317,
609 2614 631 2653 S
662 2618 786 2654 antea
822 2613 1024 2655 edebatur
1055 2611 1211 2661 Σέξτος
1241 2626 1308 2659 τις
1339 2609 1597 2664 Κερεάλιος,
1640 2611 1753 2664 quod
1785 2616 1848 2653 est

195 2674 235 2714 in
257 2675 469 2726 MVR04).
520 2679 597 2721 sed
628 2684 740 2721 recte
762 2681 1091 2730 Mommsenus5)
1122 2680 1270 2721 uitium
1302 2679 1473 2720 subesse
1495 2679 1729 2730 suspicatus
1762 2684 1845 2731 est;

294 2750 493 2815 ..hafn
518 2778 629 2820 praef.
655 2788 690 2821 p.
717 2777 793 2811 VII.
898 2780 929 2819 2)
955 2778 997 2812 de
1021 2777 1138 2811 Flauii
1162 2777 1302 2820 Iosephi
1326 2776 1419 2810 bello
1444 2776 1591 2810 Iudaico
1616 2777 1843 2819 recensendo,

192 2829 307 2863 Kiliae
336 2834 432 2866 1389.
504 2836 535 2874 3)
560 2832 630 2866 uol.
656 2832 742 2866 XXI
766 2843 801 2876 p.
828 2836 892 2867 236
907 2843 958 2876 sq.
1022 2836 1055 2874 4)
1084 2832 1280 2878 Ιιέρέλλιος
1305 2832 1390 2866 dant
1414 2831 1446 2865 R
1470 2836 1503 2865 et
1522 2832 1617 2876 Lips.
1683 2835 1715 2870 5)
1740 2832 1842 2876 ephe-

190 2886 296 2920 meris
321 2887 502 2931 epigraph.
529 2888 577 2921 IV
602 2890 679 2921 499.
