2039 3282
899 142 1089 179 Praefatio.
1758 144 1823 178 VII

163 272 255 301 raro
287 258 483 300 scribitur
514 262 681 311 praeter
715 254 824 311 ἵζων
855 263 896 300 01
926 254 1065 313 ἤιὸέιν
1088 258 1229 311 uerba,
1262 262 1307 300 ut
1327 258 1370 299 in
1392 257 1436 299 P.
1472 258 1635 299 initium
1667 257 1824 300 codicis

160 326 306 380 periit3
328 329 372 367 ut
389 338 497 367 nunc
519 330 582 366 est
602 325 749 378 incipit
771 330 890 367 uetus
912 340 1059 368 manus
1082 340 1120 379 p.
1142 328 1205 377 15,
1223 327 1247 365 2
1269 339 1333 378 γει
1357 322 1471 378 πρὸς
1486 324 1693 380 Ζηνωνα,·
1715 337 1824 378 quae

160 393 408 435 exciderunt
446 405 472 433 a
510 392 683 433 librario
723 393 881 434 saeculi
921 393 1008 434 fere
1046 393 1145 433 XIV
1184 392 1381 446 suppleta
1419 396 1533 446 sunt3
1584 392 1658 434 sed
1698 391 1822 435 huius

159 473 327 513 quoque
360 459 645 513 supplementi
677 459 899 513 deperdita
929 466 1024 502 sunt
1062 461 1209 502 folium
1240 460 1421 512 primum
1454 464 1495 501 ct
1526 460 1738 512 ultimum,
1780 464 1824 501 ut

157 527 250 569 sola
281 530 426 569 extent
457 539 497 579 p.
523 529 560 577 5,
583 530 631 566 10
665 525 836 581 λιορκίᾳ
864 525 1090 580 χρόνον-
1112 541 1152 580 p.
1181 528 1244 578 12,
1275 530 1285 564 l
1325 525 1524 579 σι’νάψαι
1556 524 1648 574 τὰς.
1711 527 1822 568 exei-

157 593 309 636 derunt
325 593 480 635 deinde
503 594 678 646 singulis
700 592 813 636 foliis
834 595 1000 636 amissis
1023 608 1063 647 p.
1085 595 1147 647 12,
1169 596 1184 633 1
1208 591 1436 647 φάλαγγας
1451 617 1502 621 —
1520 597 1581 647 15,
1601 596 1624 633 2
1647 594 1716 635 καὶ
1742 591 1823 648 φεύ

158 665 199 702 01
219 674 259 713 p.
284 663 373 713 175,
396 663 443 700 17
464 654 695 714 ἀπέχρη-
712 664 802 714 179,
821 663 844 700 ‘2
863 662 934 702 καὶ
958 677 1072 711 γει-ω,-
1093 659 1210 702 aliud
1228 660 1374 701 folium
1398 661 1586 702 excisum
1611 664 1665 715 (p.
1686 664 1780 713 576,
1800 663 1824 701 6

157 725 362 768 νελθόντι
388 751 434 755 -
461 729 556 780 578,
580 731 602 769 3
627 726 817 779 νομίζον)
849 729 1064 781 suppleuit
1094 740 1241 768 manus
1272 727 1432 768 saeculi
1456 728 1557 768 XVI
1587 732 1659 770 aut
1686 728 1821 769 XVII.

155 795 198 835 in
230 796 517 848 quaternionIS
542 796 591 836 33
625 796 781 848 pagina
812 796 958 836 ultima
987 795 1041 837 ab
1074 794 1169 835 libri
1191 792 1272 834 VII
1303 807 1342 846 p.
1367 798 1461 848 609,
1487 798 1525 834 11
1565 795 1619 836 ad
1652 796 1746 848 611,
1771 797 1822 835 23

156 861 237 904 hoe
276 862 401 904 modo
442 863 640 904 transilit:
679 864 957 914 χαρίσασθαι
997 859 1322 914 προσεδόκησεν
1365 859 1438 902 dact
1474 877 1545 902 τοι
1575 861 1710 914 μόνος
1739 860 1821 916 γὰρ

156 923 282 977 οἶτος
320 924 490 985 ἀληθής
522 953 572 957 -
605 928 804 970 θανάτου
835 925 944 980 μετὰ
978 929 1065 968 τῶν
1097 925 1272 982 (semein.
1325 928 1401 970 sed
1432 929 1563 970 uerba
1593 945 1661 970 τοι
1690 926 1824 981 μόνος

155 1019 207 1024 —
227 994 363 1050 φιλτά
382 1000 593 1050 expuncta
609 1003 715 1049 sunt,
739 999 967 1048 sequuntur
983 1000 1123 1037 autem
1142 995 1378 1048 insequenti
1397 997 1663 1049 quaternioni
1680 1009 1822 1050 super-

153 1063 302 1105 addita
323 1077 405 1106 non
427 1065 480 1105 ab
504 1077 566 1115 00,
600 1064 671 1116 qui
693 1062 990 1116 quaterniones
1020 1065 1073 1104 33
1099 1066 1140 1103 et
1162 1064 1214 1103 34
1246 1064 1452 1115 exarauit,
1485 1062 1561 1105 sed
1593 1063 1645 1104 ab
1677 1064 1823 1116 altero,

154 1131 226 1183 qui
256 1132 363 1173 alias
394 1131 551 1173 codicis
573 1135 714 1184 partes
735 1130 926 1184 perfecit,
958 1130 1041 1172 duo
1074 1129 1189 1183 folia,
1222 1130 1264 1170 in
1296 1129 1447 1182 quibus
1479 1143 1519 1183 p.
1544 1132 1638 1183 609,
1668 1133 1711 1170 11
1749 1128 1821 1171 ὁιὰ

152 1195 380 1246 τοιούτους
413 1196 492 1249 μὲν
523 1196 690 1251 φόβους
722 1220 775 1225 -
808 1211 847 1251 p.
881 1198 975 1249 612,
1009 1198 1032 1238 8
1064 1194 1175 1249 μετὰ
1207 1197 1294 1236 τῶν
1327 1195 1463 1251 epam&
1496 1198 1555 1239 ita
1587 1198 1747 1250 insunt,
1781 1204 1824 1239 ut

152 1265 335 1318 paginae
357 1269 531 1317 quartae
553 1278 651 1318 pars
674 1264 854 1306 dimidia
885 1277 1020 1306 uacua
1050 1265 1198 1307 relicta
1229 1264 1294 1306 sit.
1355 1265 1495 1318 pergit
1526 1266 1747 1318 quaternio
1771 1266 1822 1306 34
1859 1280 1867 1288 ·

151 1347 238 1372 των
265 1330 432 1384 αἵρεσις
456 1327 555 1372 οὔτε
575 1330 656 1385 γὰρ
680 1337 756 1374 010.
788 1331 909 1373 uides
932 1333 1064 1374 uerba
1094 1346 1135 1385 p.
1159 1335 1252 1383 609,
1281 1335 1326 1372 11
1362 1330 1515 1379 ου’-τους
1545 1331 1623 1384 μὲν
1657 1330 1825 1385 φόβους

152 1422 205 1427 —
237 1401 330 1452 611,
363 1402 415 1440 23
457 1391 482 1454 ἢ
521 1400 617 1453 θεῷ
657 1400 840 1453 primum
878 1399 1033 1440 omissa
1063 1397 1218 1440 deinde
1252 1411 1392 1441 errore
1425 1400 1592 1452 cognito
1624 1401 1823 1454 suppleta

152 1478 256 1519 esse,
289 1467 403 1520 quod
425 1472 470 1510 ut
493 1481 585 1510 011111
609 1468 768 1509 maiore
790 1467 1022 1519 legentium
1043 1465 1266 1508 commodo
1292 1465 1425 1520 fieret,
1458 1468 1746 1520 quaternionis
1770 1470 1821 1509 33

149 1534 318 1576 ultimos
338 1547 486 1577 uersus
508 1536 717 1588 expunxit
737 1535 933 1576 librarius
957 1533 1181 1586 denuoque
1203 1534 1244 1574 in
1276 1534 1582 1587 supplementis
1614 1535 1819 1587 exarauit,

149 1604 194 1642 ut
214 1615 325 1644 1111110
344 1602 408 1644 bis
432 1606 587 1644 extent.
630 1602 671 1643 in
693 1603 881 1655 margine
906 1601 1065 1644 codicis
1087 1600 1232 1643 uariae
1255 1601 1457 1643 lectiones
1482 1605 1629 1643 extant
1649 1602 1820 1655 aliaque

148 1668 447 1712 adnotamenta
470 1683 595 1712 manu
625 1669 764 1723 prima
794 1682 878 1711 una
909 1682 1003 1711 cum
1036 1672 1154 1710 textu
1188 1672 1376 1721 exarata,
1409 1668 1559 1711 eadem
1590 1669 1678 1710 fere
1711 1681 1820 1722 quae

148 1740 244 1779 sunt
274 1738 316 1778 in
346 1737 537 1790 margine
572 1737 768 1791 Parisini,
800 1737 917 1779 uelut
946 1736 1001 1778 ad
1022 1737 1081 1779 IV
1104 1736 1185 1777 484
1217 1736 1324 1778 sicut
1355 1736 1397 1776 in
1433 1735 1466 1776 Ρ
1496 1736 1724 1789 ascriptum
1757 1740 1820 1778 est

149 1851 201 1892 σι]
242 1835 286 1878 ἓν
323 1838 464 1878 τούτω
503 1839 576 1880 καὶ
616 1835 637 1879 ὁ
678 1839 812 1892 μέγας
844 1832 961 1878 αὐτῶ
995 1835 1046 1878 ἷᾱ)
1074 1833 1094 1878 ὁ
1126 1804 1154 1888 ξς)
1183 1844 1424 1891 συμφωνεῖ.
1485 1837 1700 1891 librarios,
1746 1838 1818 1890 qui

147 1905 338 1948 codicem
369 1906 717 1960 perscripserunt,
754 1907 924 1959 excepit
956 1910 1165 1948 corrector
1194 1905 1283 1947 fere
1314 1904 1518 1958 aequalis,
1551 1904 1623 1957 qui
1655 1904 1741 1946 alio
1774 1908 1819 1945 ut

147 1972 315 2015 uidetur
359 1973 507 2016 codice
546 1987 646 2016 usus
684 1974 933 2028 plerumque
973 1973 1157 2016 leuiores
1195 1973 1384 2014 maculas
1425 1972 1612 2024 sustulit,
1660 1971 1817 2013 omissa

146 2041 362 2094 suppleuit
390 2041 582 2094 aliasque
618 2045 880 2084 correcturas
908 2045 981 2082 aut
1012 2041 1055 2082 in
1085 2044 1247 2082 textum
1280 2039 1420 2081 intulit
1450 2043 1523 2080 aut
1553 2039 1595 2079 in
1626 2039 1816 2092 margine

146 2107 355 2161 appinxit.
406 2112 556 2162 postea
576 2122 724 2152 manus
745 2108 954 2151 recentior
976 2107 1186 2161 quaedam
1209 2106 1441 2160 adnotauit,
1465 2106 1582 2148 uelut
1602 2105 1658 2147 ad
1681 2119 1814 2159 φρου-

147 2176 260 2227 ρίοις
291 2176 346 2228 (p.
379 2178 473 2229 504,
504 2177 546 2225 6)
577 2174 803 2230 φρούριον.
835 2175 1078 2227 πολίχνιον.
1111 2170 1233 2215 ἄστυ.
1265 2172 1423 2228 ἔρυμα,
1465 2174 1633 2226 aliaque
1674 2171 1814 2214 huius-

146 2241 262 2283 modi
291 2242 425 2296 plura.
492 2244 667 2286 contulit
696 2245 855 2298 primus
886 2247 931 2285 ut
961 2242 1128 2284 uidetur
1149 2242 1201 2283 H.
1224 2254 1307 2283 van
1328 2239 1591 2283 Herwerden
1613 2239 1812 2291 Batauus,

146 2307 300 2351 deinde
331 2309 502 2352 Niesius
533 2324 643 2353 anno
678 2312 783 2352 1874
815 2315 947 2352 totum
979 2310 1176 2352 excussit.

260 2390 297 2430 3.
319 2387 373 2430 M.
417 2388 555 2431 codex
584 2388 870 2431 bibliothecae
891 2389 1133 2431 Marcianae
1155 2388 1343 2430 Venetae
1372 2400 1432 2439 gr.
1456 2398 1543 2427 nro.
1568 2386 1648 2427 383
1669 2386 1696 2434 1)
1719 2397 1811 2427 sae·

146 2454 241 2497 culo
257 2455 320 2496 XI
340 2459 414 2497 aut
433 2456 516 2498 XII
546 2456 727 2510 scriptus
767 2457 810 2498 in
840 2456 1097 2498 membranis
1126 2456 1323 2498 foliorum
1346 2456 1439 2495 321.
1491 2455 1677 2495 continet
1706 2452 1810 2494 belli

144 2521 307 2565 Iudaici
337 2523 468 2566 libros
499 2528 661 2577 septem
684 2524 870 2577 integros
891 2523 1059 2565 adiecto
1090 2524 1133 2564 in
1165 2523 1282 2565 calce
1302 2521 1542 2564 testimonio
1566 2519 1807 2562 Christiano

145 2601 200 2631 ex
229 2589 401 2644 Iosephi
432 2590 528 2632 Ant.
560 2591 651 2633 Iud.
683 2591 828 2633 XVIII
850 2593 902 2632 63
919 2604 980 2644 sq.
1012 2591 1157 2644 petito.
1219 2590 1380 2644 optime
1411 2593 1452 2631 et
1481 2590 1676 2630 accurate
1711 2598 1807 2628 con-

144 2657 324 2709 scriptus
356 2661 438 2710 est3
470 2658 557 2700 iota
586 2662 746 2700 mutum
768 2671 862 2700 raro
884 2657 1130 2711 ascribitur,
1163 2673 1185 2698 ν
1222 2652 1531 2711 ἓφελκυστικὸν
1554 2658 1700 2696 extare
1721 2665 1806 2695 non

144 2723 253 2764 solet
282 2723 364 2766 nisi
394 2728 492 2766 ante
521 2726 705 2768 uocales.
776 2739 921 2778 margo
952 2725 1139 2779 repletus
1172 2728 1235 2767 est
1270 2721 1581 2766 adnotamentis
1613 2719 1806 2763 scholiis·

261 2879 291 2918 1)
315 2876 480 2919 (Zanetti)
506 2877 644 2913 Graeca
668 2879 702 2914 d.
727 2879 841 2914 Marci
865 2878 1083 2914 bibliotheca
1106 2891 1140 2925 p.
1170 2880 1246 2914 183.
