2039 3251
83 882 119 915 10

83 1222 119 1254 15

570 144 636 180 DE
661 145 820 180 BELLO
846 145 942 181 1UD.
968 145 1017 180 VI
1048 147 1224 180 155-102
1249 148 1285 186 (ιι
1314 151 1340 178 7.
1363 149 1392 187 8)
1733 142 1813 179 533

149 255 291 302 οὗκέτι
322 259 402 315 γὰρ
437 259 538 302 εἴων
580 263 814 314 νέμεσθαι,
855 259 1065 313 καθάπερ
1099 259 1144 301 δὲ·
1177 257 1515 315 συμπεφυκότες
1557 253 1706 306 αὐτοῖς
1738 255 1811 298 ἐπὶ

147 327 227 378 τὰς
261 331 411 381 χρείας
451 326 645 383 ἐξῄεσαν.
707 327 749 369 οἱ
780 327 858 380 μὲν
890 325 965 369 οὖν
998 327 1367 382 προσεπολέμουν
1408 327 1470 381 τῷ
1514 325 1617 380 ἱερῷ
1655 326 1726 367 καὶ
1758 342 1812 366 τα

145 394 329 449 χιόματα
361 395 592 453 διήγειρον.

264 466 301 506 8.
342 461 473 505 Illac}
506 463 552 504 δὲ
582 466 688 517 μίαν
719 459 883 518 ἡμέραν
921 458 1062 504 αὐτῶν
1094 463 1171 518 τῆς
1203 456 1363 502 ἀνόδου
1396 461 1554 502 πολλοὶ
1587 462 1673 502 τῶν
1706 474 1812 501 στα-

151 532 357 582 σιαστῶν,
392 530 457 580 οἷς
480 527 679 585 ἁρπαγαί
700 546 748 572 τε
777 528 1016 572 ἐπέλειπον
1047 526 1128 586 ἤδη
1160 531 1233 571 καὶ
1256 525 1277 570 ὁ
1304 527 1432 582 λιμὸς
1464 524 1632 582 ἦίἰέιγε,
1666 527 1816 569 συνελ-

148 598 310 648 θόντες
340 607 437 648 ταῖς
468 597 577 640 κατὰ
607 596 656 640 τὸ
686 593 867 640 Ἐλαιῶν
899 595 1001 652 ὅρος
1028 595 1251 650 Ῥωμαίων
1284 596 1501 652 φυλακαῖς
1533 595 1817 637 ἐπιτίθενται

150 667 251 721 περὶ
285 661 403 722 ὥραν
434 664 663 722 ἑνδεκάτην
694 667 770 722 τῆς
800 662 985 719 ἡμέρας,
1027 663 1223 718 οἰόμενοι
1256 665 1434 719 πρῶτον
1465 663 1544 716 μὲν
1578 658 1816 717 ἀδοκήτων,

150 733 306 776 ἔπειτα
339 732 451 789 πρὸς
480 737 752 788 θεραπείαις
783 729 863 789 ἤδη
895 734 973 775 τοῦ
1006 731 1211 786 σιόματος
1247 727 1386 774 ὄντων
1418 731 1582 787 ῥᾳδίως
1614 731 1817 774 διεκπαί-

152 816 258 843 σειν.
319 800 679 855 προαισθόμενοι
710 799 857 856 δὲτὴν
889 800 1051 856 ἔφοδον
1075 795 1219 841 αὐτῶν
1251 799 1292 841 οἱ
1311 796 1518 852 Ῥωμαῖοι
1548 801 1621 842 καὶ
1651 801 1816 852 ταχέως

151 868 194 911 ἐκ
215 871 302 911 τιῦν
325 870 513 925 πλησίον
547 872 770 925 φρουρίων
802 868 1124 922 συνδραμόντες
1155 865 1298 922 εἶργον
1330 863 1595 922 ὑπερπηδᾶν
1626 867 1695 908 καὶ
1722 867 1817 908 δια-

150 936 330 980 κόπτειν
362 936 409 979 τι)
444 940 754 993 περιτείχισμα
792 935 1092 990 βιαζομένους.
1154 936 1388 991 γενομένης
1421 933 1467 976 δὲ
1499 936 1710 988 καρτερᾶς
1740 935 1816 990 τῆς

151 1006 370 1062 συμβολῆς
402 1002 514 1047 ἄλλα
543 1021 590 1046 τε
620 1003 767 1047 πολλὰ
799 1000 909 1058 παρ)
947 1003 1163 1058 ἑκατέρων
1203 1006 1417 1058 γενναίως
1454 1000 1682 1058 ἐπράχθη,
1720 998 1819 1043 Ῥω-

149 1076 293 1126 μαίων
323 1073 402 1126 μὲν
433 1071 543 1126 μετὰ
565 1074 641 1130 τῆς
664 1072 811 1126 ἰσχύος
843 1071 1053 1128 ἐμπειρίᾳ
1083 1073 1162 1113 τοῦ
1193 1071 1405 1124 πολεμεῖν
1434 1074 1685 1123 χρωμένων,
1712 1065 1818 1112 Ἰου-

151 1140 289 1182 δαίων
311 1140 357 1182 δὲ
380 1136 585 1196 ἀφειδέσι
606 1149 704 1190 ταῖς
726 1137 886 1194 ὁρμαῖς
903 1141 975 1182 καὶ
997 1148 1092 1189 τοῖς
1113 1142 1279 1192 θυμοῖς
1302 1134 1638 1190 ἀκατασχέτοις·
1663 1136 1818 1190 ἐστρα-

149 1207 269 1266 τήγει
302 1207 348 1250 δὲ
379 1210 465 1250 τιῦν
495 1208 574 1261 μὲν
608 1207 755 1259 αἰδώς,
787 1210 875 1249 τιῦν
908 1207 954 1250 δὲ
986 1203 1172 1263 ἀνάγκη·
1204 1205 1253 1248 τό
1276 1222 1324 1248 τε
1345 1204 1427 1260 γάρ
1461 1204 1690 1260 ἐξαφεῖναι
1716 1201 1820 1246 Ἰου-

151 1275 302 1326 δαίους
342 1270 491 1332 ὥσπερ
533 1272 712 1330 ἄρκυσιν
758 1275 1091 1332 ἐνειλημμένους
1125 1271 1357 1328 Ῥωμαίοις
1398 1272 1626 1324 αἴσχιστον
1665 1271 1819 1323 ἐδόκει,

149 1339 341 1386 κάκεῖνοι
379 1347 485 1397 μίαν
527 1342 688 1386 ἐλπίδα
729 1347 950 1400 σωτηρίας
991 1341 1127 1395 εἶχον,
1170 1341 1209 1384 εἰ
1247 1339 1513 1394 Ιί)ἰασάμε’νοι
1542 1339 1730 1418 ῥήξειαν
1768 1338 1816 1381 τὸ

150 1420 313 1465 τεῖχος·
342 1413 413 1453 καὶ
445 1413 533 1453 τῶν
565 1408 655 1454 άπὸ
691 1415 880 1466 σπείρας
909 1427 977 1460 τις
1004 1411 1194 1461 ιππέων,
1226 1407 1452 1457 Πεδάνιος
1483 1423 1689 1461 τουνομα,
1721 1423 1819 1461 τρε-

151 1481 357 1532 ποιιένων
388 1477 468 1536 ὴδη
499 1486 588 1521 τῶν
614 1475 837 1522 Ἰουδαίων
869 1481 940 1522 καὶ
967 1477 1078 1520 κατά
1100 1493 1176 1535 της
1209 1476 1437 1556 φάραγγος
1470 1474 1821 1527 συνωθουμένων

151 1545 310 1602 ῥόθιον
343 1545 387 1588 ἐκ
417 1548 608 1602 πλαγίου
640 1545 929 1601 παρελαύνων
959 1545 1036 1588 τὸν
1070 1545 1215 1588 ι’ππον
1248 1542 1439 1599 αρπάζει
1470 1541 1569 1584 τινὰ
1603 1542 1820 1599 φεύγοντα

150 1616 235 1656 τῶν
267 1615 508 1668 πολεμίωι,
541 1618 716 1657 νεανίαν
749 1613 959 1669 στιβαρόν
980 1629 1028 1656 τε
1051 1610 1194 1663 ἄλλως
1216 1611 1264 1654 τὸ
1291 1613 1418 1665 σῶμα
1450 1612 1523 1652 καὶ
1554 1610 1820 1652 καθωπλισ-

149 1685 293 1735 με’νον,
326 1680 634 1736 δραξάμενος
617 1698 661 1724 εκ
682 1683 760 1724 τοῦ
783 1683 977 1738 σφυροῦ·
1008 1696 1221 1724 τοσουτον
1242 1679 1320 1734 μὲν
1343 1677 1500 1721 εαυτὸν
1525 1694 1568 1720 εκ
1589 1683 1820 1759 τρέχοντος

263 1793 906 1840 PAMLVRCLatSyrHegesippusV
922 1797 1011 1838 36p
1027 1797 1104 1829 350.
1123 1793 1294 1828 Suidass.
1315 1759 1437 1834 Τίτος,
1455 1758 1604 1838 ῥόθιον
1623 1784 1820 1837 στιβαρόν.

267 1854 279 1884 1
309 1851 375 1886 είω
400 1851 430 1885 L
524 1851 573 1892 δὲ]
599 1848 694 1896 δὴΙι
764 1850 825 1888 ἐπὶ
850 1848 918 1892 τὰς
940 1852 1084 1896 χρείας]
1110 1849 1183 1886 τάσ
1206 1855 1343 1894 χεῖρασ
1367 1848 1396 1882 L
1474 1850 1493 1881 2
1519 1845 1563 1883 τὸ
1590 1845 1698 1891 ιερόν
1722 1848 1753 1879 Α

151 1909 170 1941 3
196 1903 386 1953 διήγειραν
410 1907 609 1943 PAMVRC
703 1911 724 1942 4
748 1908 770 1942 i.
796 1917 907 1951 marg.
933 1904 983 1943 ιε’
1010 1907 1036 1940 C
1132 1910 1150 1939 5
1177 1902 1246 1947 οἷς]
1273 1900 1344 1941 οῧσ
1368 1904 1396 1938 L
1424 1900 1486 1939 οἷσ
1511 1902 1548 1939 αἱ
1574 1903 1641 1937 PM
1740 1900 1820 1938 ἐπέ-

150 1965 261 1998 λιπον
286 1961 312 1996 C
405 1960 547 2010 ἤπειγε,
572 1977 604 2000 ει
629 1975 672 1999 ex
697 1980 718 2010 η
743 1974 836 1999 corr.
862 1965 893 1996 A
917 1962 1046 2009 ἐπείγε
1071 1963 1099 1996 Ρ
1124 1958 1241 2008 ἠπεγε
1269 1962 1295 1996 C
1402 1956 1665 2000 συνελθόντες]
1691 1961 1819 1994 σαυελ-

148 2018 292 2054 θόντεσ
316 2019 368 2053 sic
390 2020 422 2052 A
518 2023 537 2054 6
561 2019 678 2056 ἐλεῶν
702 2021 735 2055 R
760 2021 920 2055 eleonam
945 2020 1015 2054 Lat
1106 2018 1275 2063 φύλακεσ
1298 2017 1332 2052 R
1425 2019 1614 2062 φυλακαῖσ
1639 2014 1822 2061 ῥωμαίων

150 2078 195 2110 tr.
220 2075 249 2108 L
342 2075 404 2110 ἐπὶ
430 2075 600 2112 τίθένται
623 2077 653 2111 L
679 2075 893 2113 ἐντίθενται
920 2076 945 2110 C
1065 2077 1083 2109 8
1109 2071 1251 2115 ἔπειτα]
1277 2071 1339 2109 ἐπὶ
1365 2069 1409 2108 τὰ
1435 2072 1465 2105 L
1582 2072 1820 2117 θεραπείαις]

150 2131 258 2166 Niese
282 2132 498 2177 θεραπείασ
524 2132 624 2167 codd.
652 2133 842 2182 θεραπείᾳ
868 2132 1010 2166 Bekker
1128 2130 1369 2169 διεκπαίσειν]
1405 2127 1580 2162 Destinon
1617 2129 1822 2163 διεκπαίειν

150 2187 354 2222 PAMLVR
380 2190 588 2225 διεκπεσεῖν
613 2189 639 2223 C
664 2189 783 2234 decipi
805 2198 913 2234 posse
939 2186 1211 2232 (—sperabant)
1235 2185 1306 2220 Lat
1398 2187 1436 2218 10
1461 2185 1629 2229 πλησίων
1654 2184 1713 2219 LO
1734 2195 1823 2230 pro·

147 2243 242 2289 priis
267 2244 336 2278 Lat
429 2241 569 2291 εἶργον,
595 2258 651 2292 ειρ
676 2256 720 2280 ex
744 2255 835 2280 corr.
861 2245 898 2279 M
991 2239 1258 2279 διανακόπτειν
1282 2241 1312 2275 L
1409 2243 1445 2274 11
1474 2237 1519 2276 τὸ
1546 2242 1819 2287 περιτείχισμα]

152 2296 197 2336 τὸ
221 2297 318 2346 ὑπὲρ
343 2297 387 2336 τὸ
414 2302 586 2347 τείχισμα
612 2301 642 2335 L
754 2303 792 2335 13
818 2299 1042 2347 χρωμένουσ
1066 2299 1095 2333 L
1191 2301 1232 2334 14
1257 2293 1293 2333 δ’
1321 2297 1346 2332 C
1439 2300 1698 2341 τοῖσ·θυμοῖσ
1721 2296 1751 2330 L

154 2359 194 2391 15
221 2351 255 2392 δ’
281 2356 307 2391 O
401 2354 447 2393 τό
473 2361 526 2399 τε]
553 2360 636 2393 tunc
662 2358 727 2403 Syr
818 2353 1027 2397 Ἰουδαίους]
1053 2357 1120 2391 τοῦ
1145 2354 1256 2391 δέουσ
1279 2354 1310 2388 L
1407 2357 1447 2389 16
1470 2352 1728 2398 ἐνειλημένους
1752 2352 1821 2386 De-

153 2412 273 2447 stinon
298 2412 466 2448 inretitos
489 2413 561 2448 Lat
655 2418 695 2449 18
720 2417 783 2450 καὶ
807 2434 851 2438 -
877 2416 976 2454 534,5
1002 2409 1182 2454 κελεύσας
1206 2411 1317 2445 habet
1341 2410 1470 2445 Suidas
1495 2420 1521 2444 s.
1545 2410 1656 2451 Τίτος
1681 2408 1821 2443 omissis

153 2469 365 2512 quibusdam
390 2474 453 2504 aut
475 2469 671 2505 immutatis
809 2483 863 2512 τις
888 2480 955 2504 om.
989 2468 1016 2503 C
1154 2467 1357 2504 παιδάνιοσ
1388 2467 1419 2501 L
1561 2469 1601 2500 19
1632 2468 1821 2500 συνωθου·

152 2524 254 2568 μένω
279 2525 316 2559 Μ
434 2529 476 2560 20
501 2524 640 2573 ῥόθιον
664 2547 707 2551 ——
733 2529 772 2560 21
801 2526 993 2570 πολεμίων
1016 2525 1126 2558 habet
1150 2523 1279 2558 Suidas
1304 2533 1331 2557 s.
1358 2520 1499 2569 ῥόθιον
1613 2520 1754 2567 ῥόθιον
1777 2541 1821 2545 --

150 2578 282 2622 ἵππον]
307 2592 399 2627 equo
423 2583 461 2616 in
485 2582 678 2617 aduersum
702 2586 857 2618 montem
889 2593 912 2616 ιι
942 2581 1054 2615 latere
1078 2580 1227 2614 incitato
1255 2583 1528 2625 praeteruectus
1552 2578 1623 2612 Lat
1759 2573 1824 2623 ῥό-

152 2639 254 2678 θιον]
282 2635 420 2684 ὄρθιον
446 2648 489 2673 ex
514 2649 606 2674 corr.
633 2640 666 2673 A
804 2635 1054 2684 παρελαύνων
1075 2657 1110 2660 -
1132 2638 1172 2671 21
1200 2636 1355 2672 νεανίαν
1381 2635 1559 2679 excerpsit
1583 2633 1669 2668 Suid
1694 2644 1721 2667 s.
1750 2645 1823 2668 στι-

154 2690 279 2738 βαρόν
349 2691 544 2738 ἁρπάζει
569 2698 673 2737 (eras.
691 2695 764 2731 uid.
784 2699 818 2741 γ)
843 2696 875 2727 Α
900 2690 1083 2740 ἁρπάζειν
1099 2692 1130 2727 V
1224 2689 1414 2737 φεύγοντα
1440 2693 1518 2726 τῶν
1542 2690 1748 2734 πολεμίων]
1775 2699 1822 2723 ex

155 2747 316 2783 hostibus
330 2750 462 2795 fugam
474 2751 684 2796 petentibus
699 2751 770 2785 Lat
840 2753 880 2786 21
908 2764 949 2786 τε
968 2770 1009 2773 -
1029 2751 1152 2792 σῶμα]
1175 2745 1272 2784 κατὰ
1299 2745 1344 2784 τὸ
1364 2750 1472 2791 σῶμα
1492 2746 1576 2782 Suid
1593 2756 1621 2781 S.
1645 2746 1755 2786 Τίτος

156 2799 293 2846 ἄλλωσ,
319 2819 349 2840 ω
374 2815 418 2839 ex
444 2819 488 2842 ov
512 2817 604 2842 corr.
630 2809 662 2841 A
760 2806 1073 2850 καθοπλισμὲνον
1099 2805 1125 2839 C
1151 2801 1392 2848 ὡπλισμένον
1416 2803 1502 2839 Suid
1609 2805 1649 2836 22
1675 2800 1718 2837 ἐκ
1741 2800 1821 2845 τρέ-

154 2862 306 2902 χοντος]
330 2858 584 2907 ἐκτρέχοντοσ
608 2863 793 2907 legebatur
818 2865 901 2898 ante
924 2862 1137 2898 Hudsonum
1160 2866 1328 2896 currente
1352 2860 1439 2903 Lat3
1464 2870 1513 2894 ea:
1538 2870 1630 2904 equo
1655 2869 1692 2892 se
1717 2856 1818 2891 incli-

157 2920 311 2949 nauerac
339 2915 405 2960 Syr

1799 323 1806 334 “
1848 326 1926 365 156

1849 463 1926 501 157

1856 799 1929 839 158

1850 936 1928 976 159

1854 1138 1931 1178 160

1854 1411 1929 1450 161

1856 1681 1933 1720 162
