2018 3236
158 360 239 398 404

160 492 240 530 405

160 691 240 731 406
280 688 290 703 ³

161 827 239 865 407

163 1029 242 1067 408

163 1163 243 1202 409

167 1438 248 1477 410

169 1707 247 1745 411

267 177 346 212 400
669 172 735 208 DE
762 170 919 205 BELLO
944 170 1040 206 IUD.
1065 170 1115 203 IV
1139 172 1314 204 403-411
1342 171 1402 211 (vn
1430 175 1458 203 2.
1486 173 1515 211 3)

270 303 421 336 σαντες
443 284 678 327 ἐσκέδασαν
700 285 772 325 καὶ
801 285 877 339 τῆς
907 281 1080 331 πόλεως
1111 280 1329 335 ἐξέβαλον,
1359 280 1408 323 τὸ
1440 281 1486 323 δὲ
1517 290 1667 338 φυγεῖν
1697 277 1826 335 ἦττον
1856 278 1918 334 ὅν,

269 352 422 410 γύναιά
454 368 500 392 τε
530 352 601 392 καὶ.
633 350 820 401 παῖδας,
854 346 963 403 ’ὅπερ
997 348 1287 398 ἑπτακοσίους
1319 345 1585 401 ἀναιροῦσιν.
1636 347 1791 390 ἔπειτα
1821 348 1921 398 τούς

271 438 317 463 τε
338 420 482 468 οἴκους
503 418 855 470 ἐξεσκευασμένοι
878 418 949 458 καὶ.
972 419 1058 458 τῶν
1081 419 1263 471 καρπῶν
1293 415 1394 465 τοὺς
1426 411 1745 469 ἀκμαιοτάτους
1776 412 1921 467 ἆρπά-

273 503 425 536 σαντες
465 482 697 541 ἀνήνεγκαν
737 484 798 533 εἷς
836 483 913 539 την
944 483 1183 525 Μασάδαν.
1234 485 1304 525 καὶ
1345 484 1386 525 οἱ
1424 483 1502 536 μὲν
1543 481 1741 538 ἐλῄζοντο
1772 481 1922 531 πάσας

269 554 348 604 τὰς
393 554 493 607 περὶ
540 551 588 593 τὸ
636 550 846 607 φρούριον
885 551 1033 604 κώμας
1072 552 1143 592 καὶ
1182 550 1257 606 τὴν
1292 550 1437 604 χώραν
1478 549 1703 603 ἐπόρθουν
1743 548 1924 591 ἅπασαν

270 621 778 677 προσδιαφθειρομένων
801 615 949 667 αὐτοῖς
974 614 1080 660 καθ’
1115 615 1279 675 ἡμέραν
1311 616 1606 669 ἑκασταχόθεν
1637 612 1711 658 οὐκ
1742 612 1922 670 ὀλίγων·

273 697 452 731 εκινεῑτο
492 687 537 729 δὲ
575 688 647 729 καὶ.
677 686 787 728 κατὰ
817 685 872 727 τὰ
905 683 1015 727 ἄλλα
1044 688 1120 741 τῆς
1147 684 1359 734 Ἰουδαίας
1389 685 1577 737 κλίματα
1607 682 1655 725 τὸ
1688 686 1796 733 τέως
1826 678 1925 740 ἠρε-

272 758 380 811 μοῦν
415 754 462 797 τὸ
497 754 746 810 λῃστρικόν,
788 753 994 807 καθάπερ
1028 752 1072 794 δὲ
1106 751 1148 793 ἐν
1181 752 1353 805 σώματι
1382 753 1459 793 τοῦ
1489 750 1758 805 κυριωτάτου
1791 751 1925 806 φλεγ-

271 828 503 878 μαίνοντος
544 821 690 863 πάντα
727 820 781 862 τὰ
820 821 926 875 με’λη
969 819 1211 861 συνενόσει·
1254 818 1327 861 διὰ
1365 820 1465 873 γοῦν
1500 817 1577 874 την
1610 816 1652 859 ἓν
1683 819 1735 873 τῇ
1764 833 1925 872 μητρο-

273 891 401 934 πόλει
424 890 578 932 στάσιν
600 890 671 931 καὶ
693 887 882 944 ταραχὴν
909 884 1060 929 ἄδειαν
1092 886 1214 938 ἔσχον
1247 886 1289 927 οἱ
1320 884 1428 927 κατὰ
1460 884 1536 939 τὴν
1564 884 1708 937 χώραν
1739 885 1927 941 πονηροὶ

273 961 359 1000 τῶν
400 955 608 1012 ἁρπαγῶν
647 958 717 997 καὶ
758 954 837 1003 τὰς
877 954 1039 1003 οἰκείας
1077 953 1255 1002 ἕκαστος
1293 952 1441 1006 κώμας
1473 950 1743 1006 ἁρπάζοντες
1774 950 1929 993 ἔπειτα

275 1026 336 1075 εἰς
374 1024 451 1082 τὴν
488 1024 669 1080 ἐρημίαν
702 1019 961 1079 ἀφίσταντο.
1014 1019 1406 1074 συναθροιζόμενοί
1436 1035 1482 1060 τε
1511 1021 1585 1061 καὶ
1617 1017 1929 1072 συνομνύμενοι

274 1092 382 1136 κατὰ
419 1092 571 1145 λόχους
603 1092 811 1143 στρατιᾶς
840 1089 918 1142 μὲν
950 1085 1204 1143 ὀλιγώτεροι
1234 1088 1415 1136 πλείους
1447 1087 1493 1128 δὲ
1525 1087 1757 1142 λῃστηρίου
1789 1099 1930 1140 προσ-

277 1165 466 1203 ε’πιπτον
490 1160 623 1213 ἱεροῖς
647 1160 720 1200 καὶ
751 1157 947 1206 πόλεσιν,
979 1158 1051 1198 καὶ
1081 1156 1327 1196 κακοῦσθαι
1357 1170 1434 1207 μεν
1468 1157 1716 1206 συιεβαινεν
1749 1169 1803 1208 εφ
1858 1167 1931 1200 ους

276 1226 512 1284 ορμήσειαν
544 1223 601 1275 ὡς
636 1241 679 1267 εν
700 1226 881 1279 πολέιιω
912 1222 1298 1278 καταληφθέντας,
1331 1220 1595 1277 φθάνεσθαι
1627 1219 1673 1261 δὲ
1703 1218 1782 1268 τὰς
1813 1216 1925 1271 ἀμυ-

277 1312 353 1345 νας
397 1311 455 1344 ως
496 1295 663 1349 κἠστων
703 1288 793 1346 άμα
832 1300 929 1340 ταῖς
970 1287 1190 1345 αρπαγαῑς
1231 1283 1659 1342 ἀποδιδρασκόντων.
1719 1283 1843 1328 οἶδεν
1884 1284 1930 1326 δὲ

276 1366 407 1418 μέρος
437 1360 488 1419 ἠν
517 1363 593 1417 τῆς
619 1357 850 1409 Ἰουδαίας,
883 1357 904 1400 ὂ
937 1357 994 1414 μὴ
1026 1375 1076 1413 τῃ
1109 1355 1407 1433 προανεχούση
1441 1354 1571 1396 πόλει
1603 1349 1930 1396 συναπώλλυτο.

392 1434 429 1473 3.
480 1430 627 1470 Ταυτα
679 1424 1003 1480 Ουεσπασιανω
1049 1423 1171 1478 παρὰ
1214 1425 1300 1465 τών
1347 1420 1603 1474 αυτομόλων
1645 1420 1931 1475 διηγγέλλετο

278 1501 436 1549 καίπερ
462 1495 544 1551 γὰρ
575 1510 881 1572 φροιρουντιςον
911 1509 989 1542 τας
1021 1488 1195 1542 ἐξόδοις
1224 1493 1311 1531 τῶν
1344 1490 1620 1531 στασιαστῶν
1652 1485 1831 1536 ἁπάσας
1860 1487 1931 1527 καὶ

282 1562 638 1620 διαφθειρόντων
677 1577 777 1610 τους
818 1558 1025 1602 οπωσοῦν
1068 1557 1357 1611 προσιόντας,
1397 1556 1515 1609 ὅμως
1545 1553 1656 1610 ἦσαν
1689 1556 1730 1595 οἳ
1762 1552 1933 1596 διελάν-

280 1636 420 1673 θανον
450 1631 523 1671 καὶ
552 1643 896 1684 καταφευγοντες
928 1626 989 1675 εἷς
1019 1625 1118 1674 τοῖς
1144 1623 1380 1678 Ρωιιαίους
1411 1622 1487 1665 τὸν
1519 1620 1756 1677 στρατηγὸν
1787 1619 1934 1676 ενῆγον

284 1694 442 1751 αμῦναι
481 1699 532 1751 τῆ
572 1696 702 1737 πόλει
740 1712 810 1736 και
849 1693 903 1735 τὰ
937 1696 1011 1735 τοῦ
1043 1692 1180 1748 δήμου
1213 1693 1461 1745 περισῶσαι
1493 1691 1706 1743 λείψανα·
1748 1686 1820 1730 διὰ
1851 1703 1934 1742 γαρ

281 1763 358 1821 τὴν
396 1763 510 1818 πρὸς
537 1760 771 1816 Ῥωμαίους
810 1759 982 1803 εὔνοιαν
1023 1756 1274 1815 ἀνῃρῆσθαί
1312 1774 1359 1799 τε
1388 1755 1490 1805 τοὺς
1522 1754 1714 1804 πολλοὺς
1743 1755 1815 1796 καὶ
1845 1770 1935 1795 κιν-

395 1918 935 1961 PAMLVRCLatHegesippus
961 1916 1010 1949 IV
1041 1918 1077 1948 13
1102 1925 1136 1957 p.
1163 1916 1241 1947 244.
1283 1912 1361 1946 Exc
1386 1911 1538 1946 Peiresc.

399 1980 413 2011 1
447 1975 665 2016 ἐσκέδασαν]
690 1974 870 2009 MLCExc
903 1976 940 2007 et
962 1973 986 2006 i.
1010 1981 1119 2013 marg.
1144 1969 1207 2003 PA
1231 1967 1422 2003 ἐκόλασαν
1446 1965 1592 2009 PAVR3
1624 1962 1829 2000 ἐσκέδασαν
1852 1974 1936 1998 num

285 2043 405 2067 uerum
423 2033 469 2066 sit
486 2032 626 2066 dubitat
642 2030 813 2065 Destinon
885 2030 1027 2074 φυγεῖν]
1045 2029 1184 2071 φεῦγον
1201 2024 1311 2058 LExc
1382 2019 1437 2063 ὂν]
1456 2018 1510 2056 (ὂν
1527 2021 1588 2054 PA
1604 2015 1648 2065 ἦν
1664 2020 1773 2054 LExe
1843 2023 1862 2054 2
1885 2023 1936 2061 τε]

283 2085 320 2124 δὲ
342 2089 462 2129 LExc,
487 2098 555 2122 om.
575 2087 612 2121 M
683 2090 702 2121 3
727 2082 916 2130 α’κμαίουσ
933 2082 1140 2118 LVRCExc
1165 2081 1247 2114 fort.
1274 2082 1369 2113 recte
1439 2081 1458 2111 4
1484 2074 1633 2120 μασάδα
1658 2076 1767 2110 LExc
1792 2075 1938 2110 mesada

284 2144 361 2179 cod.
375 2145 457 2178 Vat
483 2144 553 2178 Lat
623 2157 658 2178 0L
681 2138 752 2186 μὲν
776 2152 842 2175 om.
868 2141 945 2175 Exe
1013 2137 1212 2183 ἐληΐζοντο
1240 2134 1341 2169 codd.
1414 2137 1431 2166 5
1458 2130 1521 2168 τὸ·
1549 2132 1580 2165 R
1650 2135 1668 2165 6
1693 2127 1820 2173 αὐτοῖς
1843 2126 1937 2166 καθ’

284 2198 440 2246 ημέραν]
455 2195 547 2235 καθ
562 2197 705 2244 ημέραν
723 2212 768 2233 aL
771 2203 855 2233 τοῖσ
868 2197 897 2230 L
915 2191 1009 2232 2079'
1026 2191 1169 2240 ἧμεραν
1186 2197 1269 2227 τοῖσ
1282 2191 1360 2225 Exc
1431 2193 1447 2222 ἵ
1462 2187 1620 2224 εκινεῖτο
1636 2208 1677 2212 -
1691 2190 1710 2222 8
1723 2185 1939 2233 λῃστρικόν]

284 2256 390 2291 ςῖηηιί
406 2261 523 2290 autem
541 2256 697 2290 concitat
709 2260 791 2288 57an
804 2254 910 2288 atzam
922 2263 987 2297 ρει
1000 2250 1162 2295 sinyulos
1176 2249 1300 2283 L'LLdLae
1318 2251 1452 2281 tractus
1466 2247 1501 2279 L'n
1516 2245 1587 2279 lac7
1590 2244 1709 2278 oczm‘a
1722 2244 1784 2288 qui
1799 2243 1938 2278 7'7Lte72‘m

285 2312 512 2357 quiescebant
529 2311 598 2345 Lat
681 2309 848 2346 ἐκινείτω
868 2310 893 2342 C
978 2305 1087 2348 κατα]
1107 2306 1143 2339 Μ
1169 2307 1204 2338 et
1228 2315 1270 2338 ex
1296 2312 1386 2336 corr.
1410 2302 1454 2341 A,
1479 2311 1545 2335 om.
1571 2298 1858 2334 PA¹LVRCExc

286 2366 402 2404 τᾶλλα
426 2368 456 2402 L
483 2364 599 2404 τᾱλλὰ
626 2366 703 2400 Exc
794 2362 983 2406 Ἰουδαίας]
1008 2362 1207 2406 ἰδουμαίασ
1231 2360 1291 2394 LO
1407 2354 1450 2392 τὸ
1477 2356 1581 2398 τέως]
1606 2353 1694 2391 τότε
1719 2351 1774 2390 ὥσ
1799 2355 1825 2388 Ρ
1851 2348 1939 2390 τότε

287 2424 384 2460 τέωσ
405 2423 499 2458 VRG
613 2419 775 2469 ἠρέμουν
799 2422 865 2456 VR
980 2424 998 2453 8
1024 2416 1068 2454 τὸ
1095 2428 1160 2452 om.
1187 2415 1372 2451 AMLExc
1485 2412 1529 2448 τὸ
1557 2407 1758 2458 λῃστρικόν
1782 2410 1939 2455 spurium

287 2481 358 2514 uid.
473 2476 524 2520 δὲ]
549 2476 622 2525 γὰρ
641 2480 671 2511 Α
785 2476 837 2518 ἐν]
861 2476 902 2512 ἐν
927 2474 980 2512 ἑνὶ
1006 2474 1116 2509 LExc
1232 2473 1251 2504 9
1276 2469 1378 2514 μέλη,
1402 2481 1448 2512 με
1472 2468 1494 2502 i.
1520 2478 1589 2501 ras.
1614 2468 1647 2500 A
1670 2466 1771 2510 μέλει
1795 2466 1828 2500 R

289 2542 461 2571 συννοσεῖ
485 2536 614 2570 omisso
639 2545 721 2568 mox
745 2537 836 2580 γοῦν
855 2532 1070 2567 Herwerden
1184 2529 1229 2572 τῇ
1254 2535 1322 2560 om.
1348 2524 1441 2558 VRC
1560 2527 1594 2557 11
1622 2520 1774 2558 ἕκαστοι
1797 2521 1828 2555 L

290 2588 530 2638 ἁρπάξαντεσ
554 2591 652 2624 LVR
780 2587 908 2625 ἔπειτα
937 2598 981 2621 ex
1005 2583 1112 2622 ἐπιτὰ
1138 2593 1229 2618 corr.
1256 2582 1289 2615 A
1417 2582 1457 2613 12
1481 2578 1548 2623 τὴν
1572 2589 1639 2612 om.
1665 2578 1704 2612 M
1831 2589 1940 2613 συνο-

291 2644 470 2691 μούμενοι
501 2647 578 2680 Exc
732 2648 769 2679 14
806 2641 938 2680 πόλεσι
970 2642 1035 2675 MC
1186 2634 1262 2679 ους]
1304 2647 1371 2671 ουσ
1408 2632 1455 2670 ἄν
1484 2634 1594 2668 LExc
1743 2637 1782 2668 15
1820 2630 1940 2679 ωρμή-

292 2715 396 2738 σειαν
412 2702 441 2736 L
533 2700 575 2737 ἐν
599 2711 666 2736 om.
692 2700 802 2735 LExc
893 2695 1219 2742 καταλειφθέντασ
1244 2692 1309 2727 LR
1404 2693 1441 2724 17
1466 2685 1651 2730 Ἰουδαίας]
1676 2688 1800 2724 ἰδαίασ
1825 2687 1850 2721 C

291 2755 580 2805 προσανεχούση
604 2756 715 2791 LExc
747 2752 999 2802 προανεχούσι
1025 2753 1051 2787 C
1144 2745 1402 2786 συναπόλλυτο
1428 2745 1568 2779 PLExc
1597 2741 1884 2780 συναπώλλοντο
1909 2744 1942 2777 V

293 2855 567 2894 συναπόλλοιτο
588 2857 613 2891 C
689 2859 725 2890 18
744 2826 840 2902 πῖρὰ
859 2855 885 2889 C
955 2853 1197 2899 διηγγέλλετο]
1216 2844 1427 2894 ἀπήγγελτο
1445 2847 1533 2887 Exn,
1560 2854 1649 2889 quae
1666 2844 1723 2878 hic
1746 2843 1875 2878 finiunt

296 2919 335 2949 19
360 2916 436 2950 τῶν
461 2915 699 2949 στασιαστῶν
724 2908 795 2947 τὰσ
819 2908 976 2953 ἐξόδουσ
1000 2912 1045 2945 tr.
1071 2909 1097 2942 P
1190 2909 1231 2940 20
1259 2901 1429 2941 ὃποσοῦν
1453 2901 1479 2935 C
1572 2904 1613 2936 )3
1639 2898 1784 2936 πολούσ
1809 2899 1835 2934 C

1959 891 1995 923 10

1958 1228 1993 1260 15

1963 1564 2000 1596 20
