2018 3236
166 266 247 305 419

167 399 247 437 420

166 599 243 637 421

167 731 246 769 422

165 865 245 904 423

165 1000 246 1038 424

167 1269 247 1308 425

165 1537 246 1576 426

167 1604 247 1644 427

166 1806 247 1846 428

277 150 358 185 402
676 146 742 180 DE
769 145 925 179 BELLO
949 145 1045 180 IUD.
1070 145 1121 179 IV
1145 147 1321 181 419—428
1347 149 1405 187 (Vll
1433 154 1461 178 4.
1490 150 1519 189 5)

391 265 428 301 4.
468 254 802 306 Οὐεσπασιανὸς
825 257 871 298 δὲ
894 255 966 298 ἐπὶ
997 257 1075 309 μὲν
1106 256 1206 307 τοὺς
1238 257 1501 312 διαδράντας
1532 257 1576 300 ἐκ
1604 261 1690 300 τῶν
1713 259 1925 314 Γαδάρων

276 326 499 370 Πλάκιδον
524 324 600 379 σῦν
624 325 836 366 ἶππεῖσιν
856 328 1164 374 πεντακοσίοις
1185 326 1255 366 καὶ
1277 324 1426 376 πεζοῖς
1455 327 1712 378 τρισχιλίοις
1741 328 1923 379 πέμπει,

280 390 409 442 αὐτὸς
433 392 478 433 δὲ
499 390 608 445 μετὰ
637 394 713 447 τῆς
744 388 877 447 ἄλλης
909 394 1118 445 στρατιᾶς
1146 390 1423 447 ὑπέστρεψεν
1455 392 1517 442 εἷς
1547 392 1832 447 Καισάρειαν.
1883 394 1926 435 οἱ

278 461 323 502 δὲ
364 458 554 516 ([ιγάδες
585 456 643 508 (ὃς
675 458 898 540 αιφνίδιον
928 475 1028 508 τοις
1061 458 1297 508 διώκοντας
1329 459 1484 508 ιππεῖς
1514 458 1780 512 ἐθεάσαντο,
1820 461 1926 514 πρὶν

279 527 340 577 εἷς
358 536 506 581 χεῖρας
529 525 676 568 ἐλθεῖν
699 525 761 575 είς
785 542 884 568 τινα
914 525 1059 582 κώμην
1092 527 1391 569 συνειλοῖνται
1421 529 1725 608 Βηθενναβρὶν
1756 541 1927 581 προσα-

277 596 583 650 γορειομένην·
634 592 677 635 ἓν
705 596 730 649 ᾖ
764 595 871 634 νέων
902 593 1078 648 πλῆθος
1109 589 1183 635 οὐκ
1213 589 1360 648 ολίγον
1391 591 1587 649 εὗρόντες
1616 595 1686 636 καὶ
1717 592 1820 643 τοὺς
1848 593 1928 647 μὲν

277 661 453 711 ἑκόντας
476 659 578 710 wig
610 660 656 702 δὲ
685 664 763 716 βία
792 661 1149 710 καθοπλίσαντες
1181 660 1367 712 είκαίως,
1398 661 1691 718 προπηδῶσιν
1723 660 1799 703 ἐπὶ
1827 659 1928 710 τοὺς

278 731 381 784 περὶ
421 727 497 770 τὸν
527 727 766 770 Πλάκιδον.
827 727 868 769 οἱ
909 727 955 768 δὲ
993 726 1107 782 πρὸς
1136 728 1215 782 μὲν
1245 727 1321 783 την
1352 728 1531 784 πρωτην
1562 727 1748 784 ἐμβολὴν
1779 724 1927 783 ὀλίγον

279 794 397 846 εἶξαν
437 790 529 849 ἅμα
567 796 638 837 καὶ
680 795 1049 848 προκαλέσασθαι
1078 795 1392 848 τεχνιτεύοντες
1424 791 1580 844 αὐτοὺς
1612 791 1700 838 άπὸ
1732 797 1809 837 τοῦ
1838 798 1928 836 τεί-

275 880 378 916 χους
418 865 705 917 πορρωτέρω,
746 861 953 915 λαβόντες
993 857 1033 903 δ’
1078 861 1140 911 εἷς
1177 861 1427 920 ἐπιτήδειον
1458 861 1750 920 περιήλαυνόν
1780 877 1827 903 τε
1856 862 1929 903 καὶ

277 929 593 986 κατηκόντιζον,
625 931 695 971 καὶ
719 928 820 978 τοὺς
848 929 927 983 μὲν
960 929 1158 985 φυγάδας
1191 927 1331 972 αἰτῶν
1363 930 1404 972 οἱ
1437 930 1592 980 ἱππεῖς
1621 927 1927 983 ὑπετέμνοντο,

277 997 356 1047 τὰς
387 995 643 1051 συμπλοκὰς
675 996 720 1038 δὲ
751 995 799 1037 τὸ
832 995 964 1047 πεζὸν
996 993 1182 1047 εὐτόνως
1213 998 1483 1054 διέφθειρον.
1535 993 1583 1040 οὗ
1615 1000 1764 1051 μέντοι
1794 997 1930 1038 πλέον

276 1083 319 1108 τι
362 1064 525 1121 τόλμης
571 1063 918 1121 ἐπιδεικνύμενοι
951 1059 1155 1106 Ἰουδαῖοι
1196 1065 1527 1119 διεφθείροντο·
1573 1066 1930 1118 πεπυκνωμένοις

275 1131 356 1187 γὰρ
401 1141 494 1180 τοῖς
530 1128 759 1184 Ῥωμαίοις
803 1135 1165 1185 προσπίπτοντες
1209 1134 1281 1174 καὶ
1325 1142 1423 1182 ταῖς
1467 1134 1742 1181 πανοπλίαις
1779 1130 1929 1183 ὥσπερ

276 1201 624 1252 τετειχισμένοις,
657 1197 781 1240 αυτοὶ
802 1198 880 1252 μὲν
902 1194 976 1251 οὐχ
999 1194 1195 1251 εὕρισκον
1215 1202 1368 1253 βέλοις
1393 1199 1641 1254 παράδυσιν
1673 1194 1765 1241 οὗδ
1800 1193 1929 1253 ηῧτό-

279 1284 378 1309 νοιν
401 1266 528 1322 ρῆξαι
558 1265 634 1320 την
667 1267 882 1322 φάλαγγα
914 1282 1053 1319 περιε
1044 1270 1249 1321 τείροντο
1282 1267 1327 1309 δέ
1357 1276 1450 1316 τοῖς
1481 1265 1652 1309 ἐκείνων
1680 1267 1828 1320 βέλεσι
1857 1267 1929 1308 καὶ

275 1343 368 1384 τοῖς
391 1331 679 1390 ἀγριωτάτοις
705 1350 845 1387 παραῑ
838 1333 918 1388 »ιῙτλι
925 1349 1014 1376 σιοι
1044 1337 1224 1411 θηρίοις
1246 1351 1402 1389 ωριιων
1425 1351 1455 1376 6
1448 1336 1497 1376 τὶ
1521 1333 1596 1376 τὸν
1617 1334 1808 1390 σίδηρον,
1841 1333 1929 1375 διε-

279 1405 535 1482 φθείροιτο
563 1396 601 1442 δ
648 1418 689 1443 οι
727 1400 805 1454 μὲν
844 1417 954 1442 κατα
996 1401 1137 1455 στόμα
1175 1401 1414 1454 παιόμενοι
1449 1410 1542 1451 τοῖς
1573 1401 1766 1457 ξίφεσιν,
1809 1401 1851 1443 οἱ
1883 1400 1930 1442 δὲ

281 1465 368 1510 ὑπο
401 1470 488 1509 τῶν
521 1468 695 1509 ἱππέων
728 1467 1075 1521 σκεδαννύμενοι.

395 1540 433 1577 5.
465 1539 588 1576 ποι
594 1534 643 1590 δη
666 1533 746 1588 γὰρ
768 1552 819 1591 ην
841 1538 903 1576 τῶ
924 1536 1134 1591 Πλακίδῳ
1156 1535 1234 1585 τὰς
1257 1535 1287 1577 6
1284 1554 1331 1578 ιι
1353 1553 1401 1592 τη
1410 1553 1429 1577 ν
1450 1536 1596 1592 κώμην
1621 1533 1760 1589 ὁρμὰς
1792 1530 1930 1577 αἰτῶν

282 1601 526 1644 διακλείειν.
576 1603 648 1643 καὶ
680 1604 867 1654 σωεχιῦς
899 1602 1183 1656 παρελαύνων
1213 1620 1293 1644 κατ
1346 1601 1479 1645 έκεῖνο
1511 1602 1559 1646 τὸ
1591 1607 1742 1658 μέρος,
1775 1602 1929 1645 ἔπειτα

281 1667 560 1724 ἐπιστρέφων
604 1663 693 1721 ἅμα
731 1670 803 1710 καὶ
843 1678 934 1717 τοῖς
971 1671 1119 1723 βέλεσι
1153 1669 1374 1724 χριόμενος
1405 1667 1619 1724 εὐστόχως
1651 1666 1801 1725 ἀνῄρει
1830 1667 1930 1717 τοὺς

278 1734 602 1791 πλησιάζοντας
627 1737 696 1777 καὶ
731 1736 819 1777 δέει
849 1735 949 1785 τοίς
979 1733 1218 1791 πόρρωθεν
1250 1734 1524 1793 ἀνέστρεφεν,
1555 1741 1678 1793 μέχρι
1706 1741 1785 1792 βία
1816 1736 1929 1777 διεκ-

281 1801 489 1851 πεσόντες
535 1803 575 1844 οἷ
621 1804 921 1856 γενναιότατοι
961 1802 1073 1856 πρὸς
1112 1801 1160 1844 τὸ
1199 1812 1339 1855 τεῖχος
1380 1804 1620 1860 διέφευγον.
1677 1799 1845 1854 ἀπορία
1884 1797 1925 1843 δ)

281 1866 366 1921 εἶχε
404 1868 506 1917 τοὶ-ς
547 1869 761 1924 φύλακας·
804 1866 901 1910 οὔτε
938 1868 1018 1924 γὰρ
1058 1865 1319 1912 ἀποκλεῖσαι
1348 1869 1450 1920 τοὺς
1480 1867 1569 1913 ἀπὸ
1601 1873 1685 1912 τῶν
1717 1870 1930 1923 Γαδάρων

280 1933 492 1987 ὗπέμενον
533 1935 606 1979 διὰ
643 1935 744 1985 τοίς
777 1939 1013 1992 σφετέρους
1044 1939 1114 1979 καὶ
1147 1936 1373 1990 δεξάμενοι
1405 1938 1759 1980 συναπολεῖσθαι
1788 1952 1928 1992 προσ-

392 2047 925 2090 PAMLVRCLatHegesippus
949 2047 999 2082 IV
1026 2050 1065 2081 15
1090 2058 1123 2090 p.
1151 2050 1226 2081 245.

392 2106 406 2137 1
435 2104 486 2144 δὲ]
512 2099 546 2138 δ’
564 2103 636 2137 AM
720 2106 797 2138 τῶν
821 2101 996 2148 γαδάρων
1020 2099 1112 2138 τοὺσ
1136 2102 1361 2148 διαδράντασ
1384 2106 1465 2145 (om.
1490 2102 1544 2145 ἐκ)
1567 2107 1611 2138 tr.
1639 2103 1664 2137 C
1750 2106 1769 2138 2
1794 2116 1929 2149 τρισχι-

277 2161 388 2201 λίοισ,
415 2172 476 2195 oco
501 2170 544 2194 ex
570 2172 637 2196 ουσ
662 2170 752 2194 corr.
777 2160 810 2192 A
834 2159 1072 2203 τριακοσίοισ
1094 2159 1124 2192 L
1208 2161 1226 2192 3
1252 2154 1364 2200 αὐτὸς
1388 2179 1429 2183 —
1455 2156 1577 2205 ἀλλης]
1601 2158 1696 2203 μετὰ
1720 2163 1789 2205 τῆσ
1812 2157 1930 2205 ἄλλησ

277 2216 315 2252 δὲ
340 2216 390 2257 (δὲ
413 2217 544 2260 suppl.)
569 2217 600 2250 A
624 2214 718 2260 μετὰ
744 2215 782 2251 δὲ
805 2217 873 2260 τῆσ
898 2212 1013 2261 ἄλλησ
1036 2214 1163 2249 LVRC
1187 2215 1268 2249 fort.
1294 2218 1389 2249 recte
1497 2218 1516 2250 5
1539 2219 1795 2262 βηθενναβριν
1818 2217 1851 2250 A
1874 2219 1929 2260 βι-

276 2274 460 2319 θεναβρὶν
483 2271 514 2306 L
537 2274 771 2319 βηθεναβρὶν
796 2271 821 2305 C
847 2270 1076 2306 beelzenabrin
1099 2271 1179 2313 Lat,
1204 2281 1271 2305 om.
1296 2270 1372 2314 Heg
1462 2273 1481 2304 6
1506 2284 1547 2306 εν
1570 2272 1592 2316 ἦ
1617 2270 1762 2315 νέων]’
1744 2285 1785 2307 εν
1807 2265 1829 2316 ἦ
1855 2272 1928 2307 ἰου-

277 2329 393 2364 δαίων
418 2328 520 2362 ΡΑΜ
552 2325 644 2364 ἔνθα
670 2327 843 2363 ἰουδαίων
866 2327 896 2361 L
921 2327 981 2362 ubi
1003 2328 1170 2362 iuuenum
1193 2326 1264 2361 Lat
1287 2330 1322 2360 et
1346 2326 1504 2361 similiter
1527 2327 1604 2370 Heg
1693 2329 1712 2362 8
1737 2324 1931 2370 πλάκιδον,

276 2387 351 2419 πλα
368 2384 391 2418 i.
412 2394 481 2419 ras.
507 2394 599 2418 corr.
617 2385 649 2416 A
718 2382 896 2430 ἐμβολήν]
921 2381 1113 2429 συμβολὴν
1128 2381 1158 2415 L
1228 2385 1247 2416 9
1272 2380 1607 2428 προσκαλέσασθαι
1624 2383 1650 2418 G
1723 2386 1763 2418 10
1787 2396 1928 2430 πυρρο-

276 2440 373 2486 τέρω
390 2439 417 2473 P
489 2439 526 2475 δὲ
550 2439 676 2474 LVRC
745 2437 964 2484 ἐπιτήδειον]
989 2435 1198 2483 ἐπιτήδειον
1223 2435 1346 2474 τόπον
1369 2438 1490 2472 Naber
1561 2442 1598 2473 11
1627 2438 1694 2480 τὰς
1717 2439 1786 2483 μὲν
1809 2436 1930 2484 φυγὰς

277 2495 450 2530 Destinon
522 2498 561 2529 12
586 2491 748 2532 εὐτόνοσ
768 2497 801 2528 Α
871 2495 1097 2541 διέφθειρον]
1122 2495 1331 2541 διέφθειρεν
1354 2494 1383 2528 L
1410 2494 1581 2541 διέφερον
1605 2494 1779 2529 Destinon
1801 2490 1928 2530 ὑπεδέ-

279 2555 367 2593 ξατο
394 2551 451 2585 uel
476 2550 587 2585 simile
611 2550 718 2585 Niese
803 2548 935 2587 πλεῖόν
959 2551 988 2584 L
1073 2564 1107 2586 τι
1132 2561 1199 2584 om.
1226 2549 1252 2584 C
1338 2553 1377 2584 13
1405 2549 1440 2586 οἳ
1464 2550 1621 2586 ἰουδαῖοι
1645 2550 1847 2585 PAMLVR

279 2609 320 2640 14
344 2607 655 2651 προσπίπτοντεσ
684 2613 769 2643 τοῖσ
802 2606 991 2653 ρωμαίοισ
1021 2610 1064 2641 tr.
1089 2605 1215 2641 LVRC
1288 2608 1325 2639 15
1359 2603 1536 2652 ηὕρισκον
1559 2607 1588 2641 L
1660 2603 1743 2643 οὐδὲ
1767 2605 1860 2642 VRO

276 2658 439 2705 ἧτόνουν
457 2662 535 2696 PA¹
607 2666 646 2696 17
673 2657 804 2709 (ὅρμον
827 2662 901 2697 PC¹
973 2665 1012 2697 18
1037 2657 1086 2702 δ’]
1110 2661 1149 2697 δὲ
1171 2660 1266 2696 VRC
1290 2656 1333 2696 θ)
1357 2661 1464 2696 Niese
1533 2656 1745 2706 παιόμενοι]
1771 2659 1928 2708 πληττό-

276 2729 383 2760 μενοι
408 2717 437 2750 L
508 2716 660 2762 ξίφεσιν]
688 2715 835 2754 ὃϊστοῖσ
859 2719 889 2753 L
913 2718 1055 2763 saqittis
1078 2717 1224 2760 LatHeg
1292 2713 1326 2752 δ’
1353 2717 1391 2750 Μ
1462 2720 1503 2752 20
1529 2729 1637 2762 supra
1660 2716 1730 2764 τὴν
1754 2719 1926 2761 scriptum

275 2775 316 2806 ut
333 2772 402 2807 uid.
421 2776 563 2818 ληστασ
580 2784 624 2808 m.
643 2776 662 2807 2
681 2773 713 2808 R
806 2771 927 2820 ὁρμὰς
944 2773 1068 2810 αὐτῶν
1092 2773 1299 2814 διακλείειν]
1326 2768 1449 2808 αὐτῶν
1467 2770 1594 2818 ὁρμάσ
1619 2767 1834 2809 διακωλύειν
1850 2771 1880 2805 L

277 2831 315 2862 21
343 2826 475 2864 ἐκείνω
499 2828 560 2861 ΑΟ
630 2830 672 2862 22
696 2827 796 2870 τούς]
821 2842 861 2865 τε
886 2828 974 2870 τοὺς
998 2829 1103 2863 Niese
1173 2831 1213 2862 23
1239 2829 1501 2865 διεκπαίοντεσ
1522 2829 1613 2864 VRC
1684 2831 1726 2862 24
1752 2827 1927 2873 διέφυγον

276 2883 443 2918 MLVRC
513 2883 551 2920 δὲ
568 2884 661 2919 VRC
733 2888 774 2919 26
792 2885 1072 2921 συναπολέσθαι
1086 2885 1113 2919 Ρ
1132 2887 1451 2920 συναποκλεῖσθαι
1470 2884 1501 2918 R
1521 2886 1885 2920 συναποκεκλεῐσθαι
1898 2882 1927 2917 C

1960 872 1997 904 10

1960 1209 1998 1241 15

1961 1545 1999 1577 20

1960 1879 1997 1911 25

1987 3122 2014 3236 &ut-»20
2003 3062 2008 3068 ·
