2039 3251
535 145 596 179 DE
623 145 782 180 BELLO
808 145 904 181 lUD.
930 145 979 179 VI
1008 148 1178 180 183—191
1207 148 1256 186 (ΙΙΙ
1285 151 1315 187 ¹2)
1674 144 1752 181 537

95 257 244 312 μύνειν
277 259 543 313 παρακαλῶν
576 258 704 314 δῆλος
737 249 798 315 ἦν.
858 259 938 309 τὰς
969 259 1015 301 δὲ
1048 258 1201 313 φωνὰς
1233 258 1414 307 ἕκαστος
1443 259 1516 300 καὶ
1546 256 1624 313 τὴν
1657 257 1754 300 διά-
1792 262 1868 301 184

95 329 224 368 θεσιν
247 322 396 380 ὥσπερ
418 343 461 368 τι
484 325 687 380 λαμπρὸν
719 324 962 382 ἀποφέρων
994 326 1203 382 ἐντάφιον
1235 323 1430 379 εὔθυμος
1461 320 1754 381 ἀπέθνησκεν.

96 392 207 436 ἔνιοί
226 409 274 448 γε
294 393 381 449 μὴν
403 392 477 436 ἐπὶ
500 393 575 435 τὸν
606 402 751 446 τοῖχον
781 395 858 449 τῆς
890 396 1024 444 στοᾶς
1055 390 1161 436 ὄντα
1194 391 1364 435 πλατὺν
1397 388 1756 450 ἀναχωρήσαντες
1790 396 1868 436 185

97 459 139 502 ἐκ
160 460 239 513 μὲν
261 463 337 502 τοῦ
367 460 507 515 πυρὸς
539 459 835 517 διεσώθησαν,
868 458 953 503 ὑπὸ
980 461 1026 503 δὲ
1048 463 1135 502 τιῦν
1162 456 1386 503 Ἰουδαίων
1417 464 1757 516 περισχεθέντες

46 538 62 568 5
97 526 169 569 ἐπὶ
206 527 318 570 πολὺ
349 528 428 582 μὲν
459 524 665 581 ἀντέσχον
697 528 1132 583 διατιτρωσκόμενοι,
1165 529 1290 578 τέλος
1316 528 1362 570 δὲ
1385 528 1549 577 πάντες
1581 528 1754 579 ἔπεσον,

95 598 132 636 2.
164 597 236 637 καὶ
267 595 515 646 τελευταῖός
544 612 612 645 τις
643 591 785 638 αὐτῶν
822 599 1018 647 νεανίας,
1060 592 1247 649 ὀνόματι
1278 595 1479 651 Λόγγος,
1520 590 1622 638 ὅλον
1655 595 1754 638 ἐπι-
1789 599 1868 639 186

94 662 318 720 κοσμήσας
347 662 396 706 τὸ
431 663 585 713 πάθος
615 664 686 705 καὶ
716 659 814 705 κατ’
851 660 989 717 ἄνδρα
1027 662 1198 719 μνήμης
1239 658 1373 713 ἀξίων
1405 659 1543 705 ὄντων
1574 663 1754 706 πάντων

96 732 179 772 τῶν
212 727 510 774 ἀπολωλότων
542 727 722 786 ἀριστος
753 734 922 787 φανείς.
974 730 1023 774 ὃν
1047 731 1088 773 οἱ
1109 731 1189 785 μὲν
1215 729 1422 773 Ἰουδαῖοι
1452 733 1529 787 τῆς
1553 747 1600 773 τε
1624 728 1754 788 ἀλκῆς
1789 734 1866 774 187

95 793 305 853 ἀγάμενοι
336 800 406 841 καὶ
441 795 584 848 ἄλλως
615 794 784 841 ἀνελεῖν
825 793 1119 847 ἀσθενοῦντες
1158 800 1403 853 καταβῆναι
1443 797 1558 851 πρὸς
1599 794 1757 848 αὐτοὺς

27 875 62 907 10
94 864 167 907 ἐπὶ
210 865 332 922 δεξιᾷ
369 865 666 920 παρεκάλουν,
709 862 730 908 ὁ
774 866 820 908 δὲ
861 862 1056 923 ἀδελφὸς
1096 865 1339 920 Κορνήλιος
1379 865 1424 907 ἐκ
1464 868 1658 921 θατέρου
1698 864 1754 920 μὴ

92 935 380 986 καταισχῦναι
399 933 447 976 τὸ
473 936 687 990 σφέτερον
718 935 842 984 κλέος
873 936 946 977 καὶ
978 933 1056 990 τὴν
1083 931 1308 988 Ῥωμαίων
1341 933 1566 989 στρατιάν.
1615 933 1757 988 τούτῳ

96 1002 304 1050 πεισθεὶς
334 1002 405 1043 καὶ
439 1000 704 1056 διαράμενος
735 1000 928 1058 φανερὸν
959 1000 1183 1056 ἑκατέροις
1213 1010 1307 1051 τοῖς
1337 1001 1530 1056 τάγμασι
1556 999 1604 1042 τὸ
1631 1000 1759 1058 ξίφος

94 1064 226 1109 αὑτὸν
259 1064 443 1123 ἀναιρεῖ.
493 1071 581 1110 τῶν
613 1069 659 1111 δὲ
680 1071 743 1124 τιιῦ
776 1071 883 1124 πυρὶ
917 1072 1273 1123 περισχεθέντων
1299 1064 1539 1124 Ἀρτώριός
1568 1084 1636 1118 τις
1667 1085 1756 1110 πα-
1791 1069 1870 1109 188

95 1139 270 1192 ιὀυργίςι
309 1135 591 1187 διασώζεται·
632 1137 1048 1191 προσκαλεσάμενος
1085 1137 1167 1193 γάρ
1208 1154 1309 1180 τινα
1347 1139 1432 1180 τῶν
1476 1139 1758 1192 στρατιωτῶν

27 1212 61 1244 15
91 1202 303 1255 Λούκιον,
334 1199 368 1259 ᾦ
402 1203 669 1261 συνεσκήνει,
703 1204 866 1260 μεγάλῃ
898 1207 951 1260 τῇ
984 1207 1111 1261 φωνῇ
1140 1203 1451 1261 ,,κληρονο’μον,
1485 1204 1590 1261 ἔφη,
1622 1221 1757 1246 κατα-

93 1271 234 1312 λείπω
267 1285 316 1313 σε
345 1273 431 1313 τιῦν
464 1270 653 1325 ἐμαυτοῦ
684 1271 936 1328 κτημάτων,
978 1272 1018 1314 εἰ
1048 1271 1318 1327 προσελθών
1347 1288 1402 1326 με
1434 1272 1627 1323 δέξαιο.“
1679 1274 1755 1314 τοῦ
1791 1273 1869 1313 189

93 1337 139 1380 δὲ
169 1338 359 1392 ἑτοίμως
391 1335 758 1395 προσδραμόντος
789 1338 810 1382 ὁ
845 1340 923 1394 μὲν
955 1335 1029 1381 ἐπ’
1067 1335 1199 1381 αὐτὸν
1229 1341 1509 1393 κατενεχθεὶς
1541 1339 1700 1396 ἔζησεν,
1734 1337 1755 1382 ὁ

93 1405 139 1448 δὲ
163 1405 397 1460 δεξάμενος
426 1403 514 1449 ὑπὸ
547 1409 625 1449 τοῦ
645 1407 809 1462 βάρους
829 1409 893 1461 τῷ
917 1407 1210 1463 λιθοστρώτῳ
1242 1408 1578 1463 προσαραχθεὶς
1594 1409 1756 1462 ’παρα-

89 1475 233 1530 χρῆμα
262 1473 462 1530 θνήσκει.
523 1477 653 1517 τοῦτο
684 1474 733 1517 τὸ
768 1475 922 1524 πάθος
962 1474 1077 1528 πρὸς
1114 1474 1267 1529 καιρὸν
1298 1475 1376 1529 μὲν
1404 1472 1635 1528 Ῥωμαίοις
1667 1474 1756 1517 ἑνε-
1791 1477 1869 1516 190

24 1550 61 1581 20
93 1545 278 1597 ποίησεν
319 1536 539 1595 ἀθυμίαν,
581 1541 695 1596 πρὸς
735 1542 859 1585 δὲτὸ
899 1543 1059 1596 μέλλον
1095 1537 1215 1596 ὅμως
1256 1539 1594 1599 ἀπαρακλήτους
1631 1559 1758 1585 κατε-

92 1608 299 1650 σκεύασεν
331 1610 737 1665 φυλακτικωτέρους
758 1626 805 1652 τε
827 1609 938 1665 πρὸς
960 1608 1041 1659 τὰς
1057 1605 1281 1653 Ἰουδαίων
1305 1606 1483 1660 ἀπάτας
1515 1606 1757 1667 ὠφέλησεν,

91 1674 134 1718 ἐν
168 1675 237 1726 αἶς
266 1675 321 1717 τὰ
354 1676 499 1718 πολλὰ
532 1672 593 1720 δι’
623 1674 803 1732 ἄγνοιαν
834 1679 922 1719 τιῦν
953 1676 1106 1720 τόπων
1136 1679 1208 1720 καὶ
1240 1676 1289 1720 τὸ
1322 1668 1438 1735 ἦθος
1468 1680 1555 1720 τιῦν
1587 1674 1757 1733 ἀνδρῶν

90 1743 378 1797 ἐβλάπτοντο.
438 1744 624 1800 κατεκάη
667 1740 707 1786 δ’
755 1741 775 1796 ἡ
819 1743 928 1787 στοὰ
967 1748 1092 1800 μέχρι
1132 1747 1210 1787 τοῦ
1235 1742 1438 1789 Ἰωάννου
1476 1745 1665 1800 πύργου,
1707 1745 1756 1789 ὃν
1792 1748 1864 1787 191

90 1810 252 1861 ἐκεῖνος
284 1811 328 1854 ἐν
358 1814 422 1867 τῷ
452 1812 567 1867 πρὸς
598 1816 779 1865 Σίμωνα
820 1813 1003 1868 πολέμῳ
1042 1814 1360 1856 κατεσκεύασεν
1401 1811 1513 1866 ὑπὲρ
1549 1812 1629 1863 τὰς
1660 1813 1758 1864 ἐξα-

23 1887 59 1918 25
88 1878 250 1933 γούσας
280 1876 392 1935 ὑπὲρ
424 1878 500 1922 τὸν
534 1879 690 1930 ξυστὸν
721 1878 886 1929 πύλας·
926 1878 974 1922 τὸ
1010 1880 1056 1922 δὲ
1089 1879 1249 1923 λοιπὸν
1291 1880 1367 1923 ἐπὶ
1411 1881 1759 1938 διεφθαρμένοις

203 2002 734 2047 PAMLVRCLatHegesippus
759 2003 788 2036 V
815 2005 857 2037 38
883 2014 918 2047 p.
945 2006 1022 2039 353.

205 2064 218 2094 1
248 2060 286 2096 δὲ
310 2069 413 2094 euan.
438 2059 467 2093 P
561 2062 580 2093 2
606 2057 829 2105 ἀποφέρων]
855 2054 1085 2104 ἀποφαίνων
1109 2060 1136 2094 C
1220 2055 1398 2104 εύθύμωσ
1421 2061 1452 2095 L
1545 2066 1564 2095 5
1590 2062 1713 2104 τέλοσ,
1737 2076 1758 2098 τ

88 2116 111 2151 i.
137 2126 210 2151 ras.
234 2116 268 2151 A
338 2113 489 2156 ἔπεσον,
516 2128 536 2151 0
562 2124 606 2149 ex
632 2129 654 2150 α
681 2125 771 2149 corr.
798 2116 831 2148 A
923 2118 943 2149 6
969 2119 1187 2152 τελευταῖον
1211 2117 1347 2152 MVRC
1424 2113 1549 2154 αὐτῶν
1572 2119 1634 2154 τίσ
1658 2123 1701 2153 tr.
1727 2119 1757 2152 L

87 2172 170 2207 fort.
195 2174 292 2207 recte
384 2172 550 2218 Λόγγος]
576 2171 746 2216 Zonyz'nus
770 2170 916 2215 HegSyr
1007 2169 1272 2218 ἐπισκομήσασ
1298 2173 1341 2208 C¹
1435 2178 1452 2207 7
1479 2172 1586 2217 ἄξιον
1610 2175 1714 2209 ΡΑΜ

91 2226 216 2264 ὄντων
239 2238 307 2262 om.
334 2227 437 2262 PAM
529 2225 684 2264 πάντων
709 2238 778 2262 om.
804 2227 833 2260 L
929 2230 948 2262 S
973 2241 1014 2264 τε
1032 2239 1099 2263 om.
1119 2229 1146 2262 P
1240 2232 1259 2263 9
1285 2226 1550 2273 ἀσθενοῦντες]
1574 2231 1758 2268 θέλοντεσ

90 2283 192 2319 LLat
215 2298 263 2330 γρ
288 2280 546 2320 ἀσθενοῦντεσ
569 2284 591 2318 i.
616 2293 726 2326 marg.
752 2283 782 2317 L
899 2287 940 2317 10
972 2281 1134 2327 ἕπιδεξιὰ
1160 2284 1187 2318 Ρ
1305 2281 1474 2332 ἀδελφὸσ
1505 2288 1544 2324 δὲ
1567 2291 1611 2323 tr.
1636 2288 1666 2322 L

93 2343 126 2375 11
155 2338 418 2386 καταισχύνων
442 2339 471 2373 L
565 2341 768 2386 στρατείαν
790 2339 823 2372 A
916 2337 1039 2375 τούτω
1058 2351 1101 2374 ex
1118 2354 1171 2376 τω
1197 2351 1289 2376 corr.
1316 2341 1342 2376 C
1437 2346 1478 2377 12
1503 2347 1656 2381 πισθεὶσ
1680 2346 1713 2379 Α

90 2394 260 2443 φανερὸν
291 2407 361 2431 om.
386 2396 413 2430 C
508 2397 548 2430 13
581 2393 699 2432 αὐτὸν
727 2394 792 2429 AV
818 2392 956 2431 ἑαυτὸν
987 2396 1046 2431 LC
1138 2399 1207 2443 τῷ]
1237 2394 1281 2433 τὸ
1317 2400 1348 2431 Α
1443 2401 1758 2447 περισχεθέντων,

91 2465 168 2488 των
192 2464 220 2488 s,
245 2453 279 2488 V
403 2449 618 2499 Ἀρτώριός]
645 2448 858 2497 σερτώριόσ
884 2451 910 2486 C
935 2453 1107 2497 arqorz'us
1128 2452 1199 2487 Lat
1222 2455 1384 2489 artorius
1407 2455 1484 2499 Heg
1616 2460 1655 2492 14
1681 2460 1758 2493 τῶν

92 2511 384 2555 συστρατιωτῶν
406 2507 477 2542 ML
502 2507 743 2543 commilitone
767 2507 838 2542 Lat
945 2511 983 2542 15
1011 2521 1053 2544 σε
1077 2510 1298 2546 καταλείπω
1322 2512 1367 2545 tr.
1394 2511 1424 2545 L
1532 2516 1572 2547 16
1597 2517 1757 2560 προσελ-

91 2561 165 2600 θὸν
189 2564 223 2600 R
324 2568 362 2600 18
388 2565 426 2601 δὲ
451 2561 662 2608 δεξάμενος]
688 2564 894 2608 δεξάμενοσ
919 2560 954 2599 δ’
979 2564 1008 2598 L
1108 2568 1175 2614 τῷ]
1201 2565 1245 2602 τὸ
1273 2566 1300 2601 C
1393 2571 1657 2616 προσραχθεὶσ
1680 2570 1711 2603 L

94 2623 134 2655 19
159 2619 357 2667 ῥωμαίουσ
379 2620 410 2654 L
526 2623 567 2654 20
593 2618 652 2661 τὸ]
679 2623 733 2656 τῶ
757 2620 823 2654 LV
930 2616 1221 2667 ἀπαρακλήτους
1244 2633 1311 2659 om.
1338 2623 1546 2659 MVRCLat
1650 2639 1759 2662 κατε-

93 2674 286 2718 σκεύασεν]
310 2674 666 2722 προκατεσκεύασεν
682 2675 712 2709 L
729 2673 1020 2713 κατασκευάσαν
1037 2676 1211 2712 Destinon
1282 2681 1322 2714 21
1351 2680 1659 2727 φυλακτοτέρουσ
1686 2681 1712 2715 C

96 2735 147 2772 τε]
171 2735 234 2768 καὶ
257 2732 497 2768 MLVRCLat
581 2729 691 2780 πρὸς]
716 2732 774 2769 εἰσ
797 2732 827 2766 L
913 2735 955 2766 22
981 2728 1051 2774 αἶς]
1078 2729 1139 2768 οἷσ
1156 2733 1186 2767 L
1272 2733 1443 2782 ἄγνοιαν]
1469 2732 1658 2773 ἀπόνοιαν
1682 2737 1712 2771 L

94 2787 161 2821 τοῦ
184 2783 301 2831 ἤθους
324 2788 431 2822 uertit
454 2789 525 2822 Lat
594 2791 636 2822 23
663 2789 700 2825 δὲ
723 2788 851 2824 LVRG
923 2791 965 2822 24
989 2785 1084 2835 ὑπὲρ
1108 2786 1177 2831 τὰς
1200 2810 1244 2816 -
1271 2794 1312 2826 25
1338 2791 1466 2835 πύλας]
1491 2804 1606 2838 supra
1624 2798 1759 2839 portas

93 2849 186 2883 quae
209 2841 245 2874 in
268 2847 415 2886 xystum
440 2843 611 2878 ducerent
634 2844 704 2878 Lat
796 2847 837 2879 25
862 2840 969 2891 ὑπὲρ]
994 2841 1080 2887 ὑπὸ,
1108 2842 1128 2881 ὸ
1145 2846 1168 2880 i.
1194 2857 1265 2882 ras,
1291 2858 1336 2883 m.
1357 2851 1376 2882 2
1393 2848 1427 2884 R
1518 2848 1756 2894 ἐπιδιεφθαρ-

93 2895 223 2938 μένοισ
247 2897 403 2932 PALRC
