1987 3246
153 191 255 225 XXX
884 187 1074 222 Praefatio.

155 305 258 356 sint;
300 316 396 343 nam
429 306 470 343 et
499 305 638 343 aetate
669 304 710 342 et
741 301 972 353 scripturae
1002 312 1157 352 genere
1188 305 1229 343 et
1257 302 1598 344 adnotationibus
1628 302 1808 355 aliisque

154 372 278 413 rebus
317 369 501 410 maxime
538 366 647 409 inter
683 379 729 408 se
759 366 920 408 similes
952 371 1058 408 sunt.
1109 367 1380 411 nihilominus
1411 369 1618 411 interdum
1649 368 1808 410 dissen-

155 438 279 489 tiunt,
317 439 358 477 et
388 447 641 488 quamquam
670 447 790 475 rarae
822 437 917 475 sunt
947 433 1255 487 discrepantiae
1286 437 1514 489 grauiores,
1545 440 1641 478 sunt
1669 440 1810 477 tamen

155 502 476 555 discrepantiae.
527 501 643 542 uelut
673 514 713 554 p.
737 502 831 554 258,
857 504 903 542 11
938 505 1034 554 post
1065 499 1307 550 Γαλιλαίας
1336 503 1450 545 solus
1480 503 1517 544 A
1547 502 1668 544 addit
1697 502 1809 543 πολ-

155 568 253 624 λι,’ν;
283 583 323 623 p.
347 569 440 621 398,
469 571 516 610 13
540 562 978 620 ἀντικαθισταμένων
1001 567 1129 610 habet
1149 568 1182 609 P
1211 561 1570 624 ἀντικαθημένων
1591 569 1808 623 AMLVR3

153 651 192 690 p.
225 638 318 689 379,
349 637 397 676 21
440 639 557 678 extat
598 633 911 688 παρωξύνθαι,
954 635 1067 688 quod
1098 635 1132 676 P
1172 636 1347 677 mutauit
1375 637 1418 677 in
1450 634 1807 692 παρωξυνθῆναι,

153 704 189 743 A
231 704 273 744 in
309 700 657 756 παρωξύνεσθαι
676 705 712 751 ¹).
773 708 814 745 et
852 716 980 756 saepe
1017 704 1059 743 in
1091 701 1155 744 his
1187 701 1481 757 discrepantiis
1511 704 1549 745 A
1579 704 1808 746 deteriores

154 771 365 824 sequitur,
406 770 438 811 P
477 782 578 812 uero
619 770 795 812 meliora
833 770 980 824 tradit,
1021 774 1065 811 ut
1104 769 1172 810 hic
1211 770 1396 812 melioris
1431 771 1686 813 recensionis
1717 771 1808 813 fons

156 839 209 881 sit
247 838 391 892 purior
429 838 628 890 solusque
667 837 875 879 interdum
913 850 1014 879 uera
1052 837 1295 879 seruauerit.
1366 838 1530 890 insigne
1568 839 1808 891 exemplum

154 910 270 947 extat
300 918 339 958 p.
373 907 466 957 531,
507 907 572 957 19,
614 904 686 945 ubi
717 904 830 947 solus
861 905 894 946 P
927 902 969 944 ἐν
1002 898 1244 957 ἀγχωμάλῳ
1275 895 1592 952 καταλιπόντες
1623 904 1808 958 exhibet,

154 972 305 1026 reliqui
337 985 480 1014 omnes
513 969 556 1012 ἓν
588 965 831 1025 ἀγχωμάλῳ
863 970 1109 1025 παρατάξει
1140 969 1481 1019 καταλιπόντες,
1524 985 1632 1025 quae
1662 977 1808 1026 aperte

153 1045 248 1083 sunt
278 1039 602 1093 interpolatoris.
662 1052 702 1091 p.
726 1041 820 1091 440,
845 1040 868 1079 9
900 1039 1013 1081 solus
1046 1039 1173 1081 habet
1203 1042 1315 1080 recte
1347 1036 1484 1089 πολὺ,
1517 1043 1561 1080 at
1591 1039 1627 1081 A
1658 1037 1808 1090 πάλιν,

152 1109 185 1149 L
208 1105 361 1157 πάλαι,
394 1107 545 1159 reliqui
575 1106 733 1145 πᾶσαι.
782 1119 822 1158 p.
847 1108 940 1159 415,
965 1109 987 1147 3
1020 1106 1132 1159 quod
1159 1107 1191 1147 P
1222 1105 1349 1148 tradit
1380 1104 1628 1158 προθύμως
1658 1107 1808 1149 melius

154 1176 320 1218 uidetur
350 1187 475 1228 quam
506 1174 761 1227 reliquorum
793 1170 990 1224 ἑτοίμως.
1022 1187 1062 1227 p.
1097 1175 1190 1226 584,
1228 1176 1240 1212 1
1279 1174 1392 1215 solus
1425 1173 1553 1215 habet
1581 1171 1683 1222 τοὺς
1716 1172 1809 1225 αἰχ-

153 1242 381 1295 μαλιιῖτοις
411 1266 465 1271 -
486 1238 827 1293 καταχρώμενος,
859 1241 1011 1293 reliqui
1042 1253 1186 1283 omnes
1216 1248 1310 1288 τοῖς
1333 1238 1640 1292 αἰχμαλώτοις.
1692 1241 1808 1283 deni-

156 1323 237 1363 que
267 1323 350 1351 non
381 1308 647 1350 mediocriter
677 1308 818 1360 placet
840 1307 952 1360 quod
982 1321 1023 1361 p.
1049 1310 1141 1359 194,
1164 1309 1187 1347 6
1219 1308 1372 1349 omittit
1404 1306 1465 1355 εἷς
1495 1305 1571 1362 τὴν
1605 1302 1737 1361 ἀρχήν
1768 1315 1810 1350 et

152 1390 191 1430 p.
217 1378 309 1429 606,
336 1378 380 1416 11
418 1373 479 1423 εἰς
500 1372 548 1415 τὸ
575 1372 888 1427 στρατόπεδον,
920 1387 1028 1427 quae
1050 1375 1391 1427 interpolatorem
1414 1375 1582 1428 sapiunt
1596 1376 1639 1424 2).
1691 1374 1807 1417 deni-

155 1457 234 1496 que
257 1442 532 1485 omittendum
554 1455 637 1484 non
660 1446 734 1494 est,
757 1441 938 1483 solumP
956 1442 995 1482 in
1018 1442 1114 1483 libri
1135 1442 1260 1494 primi
1282 1446 1322 1482 et
1343 1442 1516 1483 secundi
1538 1442 1809 1496 inscriptione

154 1510 320 1551 tradere
361 1510 526 1551 titulum
564 1522 590 1550 a
620 1507 802 1561 Iosepho
836 1507 980 1549 datum
1012 1507 1128 1558 (uide
1159 1521 1285 1561 supra
1315 1522 1356 1561 p.
1379 1509 1469 1557 III).
1521 1508 1671 1562 quodsi
1702 1509 1809 1551 inter

156 1577 337 1630 optimos
355 1577 387 1617 P
410 1581 450 1618 et
472 1576 507 1617 A
531 1579 742 1618 certamen
764 1574 1065 1616 instituendum
1088 1579 1163 1627 est,
1195 1576 1337 1629 palma
1359 1575 1500 1617 danda
1523 1580 1585 1618 est
1605 1576 1808 1619 Parisino.

154 1644 228 1686 sed
260 1657 311 1685 ne
343 1642 411 1685 hic
443 1643 613 1696 quidem
644 1642 697 1683 ab
730 1642 842 1683 omni
874 1655 1013 1684 errore
1045 1643 1177 1695 cauit,
1214 1655 1306 1684 cum
1338 1643 1451 1685 solus
1482 1642 1690 1685 interdum
1721 1658 1808 1687 cor-

154 1715 275 1764 rupta
316 1710 476 1763 tradat,
518 1711 633 1752 uelut
671 1722 720 1751 eo
758 1709 875 1762 loco,
918 1710 989 1762 qui
1021 1722 1146 1763 supra
1177 1712 1230 1762 (p.
1254 1709 1415 1758 XXIII)
1446 1714 1701 1753 memoratus
1734 1716 1808 1765 est,

152 1791 192 1831 p.
234 1779 338 1830 391,
367 1780 390 1818 6
432 1776 493 1825 (εἰς
538 1774 587 1818 τὸ
642 1777 783 1828 σχῆμα
829 1777 1014 1830 corrupit
1052 1777 1094 1817 in
1133 1774 1416 1831 πρόσσχημα,
1463 1782 1503 1818 et
1540 1790 1579 1830 p.
1614 1779 1716 1831 531,
1760 1780 1808 1819 12

153 1849 248 1897 post
291 1845 426 1897 μῆκος
474 1845 636 1886 insersit
681 1841 819 1884 τόπον
835 1845 878 1893 3).
948 1847 1169 1898 praeterea
1208 1844 1463 1885 monendum
1503 1848 1564 1886 est
1600 1845 1807 1886 interdum

153 1913 282 1953 alium
320 1913 545 1954 uerborum
577 1911 766 1954 ordinem
797 1911 850 1952 ab
883 1923 932 1952 eo
964 1911 1125 1953 institui
1156 1911 1291 1952 minus
1323 1914 1457 1964 recte,
1496 1911 1611 1952 uelut
1640 1925 1680 1965 p.
1713 1914 1808 1966 606,

158 1980 206 2019 19
230 1977 323 2019 ἔστι
345 1977 391 2019 δὲ
422 1974 445 2033 ἡ
478 1977 556 2031 μὲν
586 1979 673 2018 τῶν
704 1974 818 2018 &dccv
849 1977 988 2030 tradit,
1021 1977 1133 2031 quod
1164 1978 1300 2019 minus
1321 1978 1461 2029 placet
1482 1990 1606 2031 quam
1639 1977 1732 2020 ἔστι
1763 1978 1809 2019 δὲ

152 2047 237 2086 τῶν
269 2041 384 2086 &om
418 2042 437 2100 ἦ
470 2045 548 2098 μὲν
579 2046 836 2099 reliquorum
851 2048 895 2094 ⁴).

262 2113 564 2155 Ambrosianus
594 2125 694 2155 uero
726 2117 770 2154 ut
800 2113 943 2166 paullo
985 2112 1188 2153 minorem
1227 2111 1519 2153 auctoritatem
1558 2110 1715 2165 habet,³
1745 2113 1804 2154 ita

153 2181 324 2222 minime
347 2180 605 2234 spernendus
629 2186 691 2222 est
711 2184 876 2232 auctor;
908 2193 1003 2220 nam
1025 2178 1233 2220 interdum
1256 2179 1290 2220 is
1313 2191 1479 2231 quoque
1503 2179 1616 2220 solus
1636 2178 1808 2232 Iosephi

155 2248 283 2288 uerba
313 2248 554 2302 incorrupta
576 2248 772 2289 seruauit.
830 2247 945 2288 uelut
965 2260 1004 2300 p.
1029 2247 1121 2297 393,
1148 2247 1197 2285 19
1230 2238 1508 2299 ἀνεθάρσησε
1538 2245 1690 2287 rectius
1722 2245 1806 2300 dat,

153 2327 235 2356 non
275 2312 519 2369 ἐθάρσησε,
561 2313 770 2366 ualdeque
808 2313 967 2355 arridet
1005 2313 1116 2365 quod
1155 2325 1196 2365 p.
1221 2313 1314 2365 588,
1347 2314 1368 2351 7
1410 2311 1563 2353 omittit
1591 2311 1645 2365 τῇ
1675 2310 1804 2367 πύλῃ.

153 2386 372 2433 praeterea
402 2381 549 2422 habuit
570 2385 847 2423 correctorem
879 2380 966 2422 fere
996 2380 1231 2432 aequalem,
1263 2380 1334 2431 qui
1356 2391 1454 2420 usus
1476 2381 1539 2420 est
1560 2380 1805 2434 exemplari,

154 2448 265 2500 quod
287 2449 367 2502 ipsi
389 2449 426 2490 A
448 2448 662 2501 persimile
685 2451 785 2500 erat,
809 2460 863 2489 ex
885 2460 966 2499 quo
989 2459 1082 2488 cum
1105 2446 1266 2488 leuiora
1287 2444 1494 2497 quaedam
1516 2444 1619 2486 uitia
1640 2447 1807 2489 sustulit

273 2594 300 2631 l)
326 2589 370 2624 cf.
396 2601 430 2634 p.
451 2593 505 2631 41,
524 2593 560 2633 53
587 2593 618 2623 7.
720 2591 751 2631 2)
777 2589 822 2623 cf.
843 2591 919 2630 612,
941 2592 991 2631 15,
1016 2587 1078 2623 ubi
1095 2587 1191 2622 solus
1209 2589 1304 2621 recte
1320 2596 1391 2621 non
1408 2586 1506 2620 addit
1521 2582 1617 2632 ἡμῖν.
1641 2599 1676 2632 p.
1695 2591 1772 2630 487,
1790 2593 1800 2622 1

155 2646 191 2680 in
219 2646 246 2679 P
272 2656 380 2690 supra
404 2655 547 2680 uersum
577 2644 741 2689 suppleta
772 2649 856 2679 sunt
880 2644 991 2679 uerba
1014 2640 1112 2688 πρὸς
1136 2639 1204 2678 τὸν
1228 2639 1364 2688 ἄνδρα,
1395 2652 1484 2686 quae
1509 2643 1663 2678 fortasse
1687 2645 1807 2687 spuria

158 2706 251 2736 sunt.
323 2705 354 2743 3)
372 2702 479 2735 etiam
497 2703 573 2742 420,
592 2702 610 2733 2
628 2700 861 2744 interpolatus
880 2710 958 2734 esse
975 2699 1128 2739 uidetur,
1146 2708 1211 2732 nec
1229 2702 1323 2732 recte
1340 2709 1374 2742 p.
1393 2700 1470 2739 303,
1489 2701 1508 2733 3
1525 2698 1648 2732 inserit
1665 2694 1736 2734 οἷεί.

156 2761 190 2797 4)
209 2767 317 2800 quare
342 2757 486 2792 dubium
511 2759 575 2797 est,
600 2766 683 2790 num
707 2759 802 2790 recte
826 2766 904 2790 eum
928 2755 1039 2790 secuti
1064 2756 1172 2790 simus
1196 2766 1231 2798 p.
1249 2756 1327 2795 449,
1346 2757 1375 2789 7.
1414 2754 1521 2788 dubia
1544 2763 1600 2788 res
1626 2757 1679 2788 est
1703 2755 1807 2789 etiam

154 2824 187 2856 p.
209 2814 285 2853 531,
306 2816 335 2853 5,
360 2812 420 2846 ubi
440 2814 636 2855 Καίσαρος
653 2812 795 2846 exhibet
811 2811 838 2845 P
856 2822 920 2855 pro
942 2812 1069 2851 Τίτους
1095 2815 1286 2853 utrumque
1311 2810 1402 2843 enim
1426 2820 1551 2844 uerum
1575 2819 1652 2844 esse
1675 2813 1804 2854 potest.

155 2872 193 2902 at
217 2868 277 2902 hic
302 2868 334 2902 ei
358 2868 536 2902 succurrit
553 2867 714 2902 Latinus.
750 2878 785 2910 p.
805 2870 881 2908 615,
903 2870 937 2900 11
959 2867 985 2900 Ρ
1011 2866 1117 2900 tradit
1134 2862 1376 2912 προσψαύσῃ,
1400 2865 1525 2909 reliqui
1550 2864 1806 2913 προσάψηται,

153 2933 305 2968 quorum
320 2925 436 2956 utrum
450 2924 569 2958 uerius
584 2923 640 2966 sit,
653 2933 723 2957 non
736 2922 840 2957 facile
853 2924 908 2957 est
922 2922 1126 2964 diiudicata,
1143 2923 1229 2957 illud
1242 2925 1359 2956 tamen
1373 2921 1493 2965 paullo
1510 2922 1636 2957 melius
1651 2923 1805 2958 uidetur.
