1987 3246
227 194 379 228 XXXIV
958 192 1149 228 Praefatio.

229 308 365 350 codex
404 320 457 348 ex
501 306 687 348 meliore.
756 305 922 347 uidetur
952 310 1090 347 autem
1130 306 1164 347 L
1203 307 1387 349 melioris
1432 308 1598 360 generis
1644 308 1879 361 exemplari

229 382 341 416 ortus
381 386 473 416 esse
513 386 565 414 ex
610 372 819 414 deteriore
865 377 1073 424 correcto,
1120 379 1164 414 ut
1207 373 1515 416 demonstratur
1560 376 1653 417 loco
1693 375 1745 417 de
1786 376 1880 418 lacu

228 441 469 482 Gennesare
515 453 554 493 p.
598 442 701 490 341,
743 442 787 492 3,
833 439 904 481 ubi
944 440 985 480 in
1030 439 1182 482 MVRO
1228 441 1380 493 legitur
1423 443 1532 496 μέση
1580 437 1620 482 ὁ)
1670 438 1756 483 *ὑπὸ
1803 444 1881 484 τοῦ

221 502 439 560 Ἰορδάνου
483 508 705 559 τέμνεται,
752 506 822 547 καὶ
870 505 987 547 δοκεῖ
1030 505 1108 558 μὲν
1148 501 1366 561 Ἰορδάνου
1412 506 1526 563 πηγὴ
1575 506 1622 549 τὸ
1670 508 1880 561 Πάνειον,

227 576 408 628 φέρεται
431 568 472 614 δ)
500 579 577 616 etc.
609 573 684 616 sed
706 574 790 616 iam
820 574 1049 626 antiquitus
1080 574 1234 615 factum
1268 580 1342 627 est,
1375 579 1418 617 ut
1448 576 1578 618 uerba
1608 577 1809 628 τέμνεται
1827 600 1880 604 —

220 636 437 695 Ἰορδάνου
475 642 783 695 omitterentur,
817 654 924 694 quae
955 642 1107 684 absunt
1136 655 1162 682 a
1191 641 1357 683 PALat.
1409 642 1509 695 quid
1541 655 1640 685 uero
1671 643 1739 685 L?
1768 645 1878 698 μέση

226 702 264 748 δ’
308 704 390 749 ὑπὸ
433 709 510 748 τοῦ
544 703 763 761 Ἰορδάνου
804 705 918 763 πηγὴ
958 710 1162 761 τέμνεται
1201 708 1273 748 καὶ
1313 707 1431 750 δοκεῖ
1466 708 1544 761 μὲν
1570 703 1788 764 Ἰορδάνου
1828 708 1876 752 τὸ

223 773 417 816 Πάνειον
454 775 627 817 exhibet
664 780 708 817 ut
737 776 903 829 MVRC,
945 776 1108 818 turbato
1144 780 1283 818 tamen
1314 776 1480 829 ordine,
1521 790 1614 818 cum
1646 778 1776 818 uerba
1806 778 1880 820 illa

223 844 265 883 in
309 842 464 884 PALat
508 843 664 885 omissa
709 843 847 885 alieno
895 843 988 884 loco
1038 847 1193 884 extent.
1270 856 1377 896 quae
1423 843 1617 884 uidentur
1661 857 1688 885 a
1732 844 1879 887 codice

221 909 493 952 Laurentiani
524 923 682 964 proauo
714 910 870 952 afuisse
897 915 938 952 et
968 923 994 951 a
1025 915 1256 951 correctore
1288 909 1483 963 suppleta
1513 915 1616 952 esse.
1669 913 1881 953 consensit

222 978 349 1030 igitur
386 976 641 1032 archetypus
673 977 743 1019 ille
775 991 868 1019 cum
899 977 1054 1018 PALat
1086 981 1126 1018 et
1158 980 1367 1018 correctus
1399 980 1462 1018 est
1493 990 1545 1018 ex
1576 990 1731 1029 genere
1763 978 1879 1021 dete-

220 1044 341 1086 riore.
399 1044 511 1098 quod
550 1044 585 1086 si
626 1044 846 1086 statuimus
887 1044 1011 1086 simul
1047 1044 1170 1085 facile
1202 1044 1480 1097 intellegitur,
1523 1044 1593 1097 qui
1624 1045 1778 1087 factum
1809 1046 1874 1098 sit,

222 1111 326 1152 utin
352 1112 444 1153 sola
475 1115 594 1165 parte
625 1111 766 1164 priore
797 1111 1041 1164 diligentius
1073 1112 1262 1153 instituta
1294 1112 1346 1153 sit
1378 1112 1596 1165 correctio,
1629 1112 1671 1152 in
1703 1112 1877 1166 reliquis

217 1191 317 1220 uero
350 1178 596 1230 elanguerit.
702 1168 704 1170 .

330 1256 469 1310 Saepe
500 1256 627 1309 igitur
655 1255 982 1297 Laurentianum
1015 1269 1107 1298 cum
1140 1257 1212 1297 PA
1242 1261 1314 1298 aut
1345 1256 1461 1297 PAM
1492 1257 1726 1298 consentire
1760 1256 1874 1298 uide-

218 1336 321 1365 mus.
382 1336 463 1364 non
494 1337 587 1365 raro
620 1327 759 1364 tamen
789 1323 842 1364 ab
874 1323 934 1364 eis
965 1323 1148 1366 discedit
1178 1327 1219 1365 et
1248 1328 1320 1365 aut
1351 1324 1463 1365 solus
1494 1327 1566 1364 aut
1598 1336 1690 1365 cum
1722 1324 1874 1365 Latino

218 1390 461 1431 coniunctus
494 1389 665 1443 egregia
695 1392 767 1430 aut
792 1390 1082 1432 memorabilia
1103 1390 1242 1443 tradit,
1275 1404 1382 1444 quae
1405 1391 1564 1432 rariora
1587 1390 1757 1443 quidem
1780 1395 1875 1432 sunt

217 1457 258 1497 in
297 1461 417 1509 parte
456 1457 616 1510 priore,
661 1456 947 1508 frequentiora
986 1458 1028 1498 in
1068 1458 1351 1510 sequentibus.
1417 1458 1533 1499 uelut
1571 1470 1611 1510 p.
1644 1458 1737 1509 348,
1771 1459 1872 1509 5sq.

215 1523 327 1565 solus
351 1537 443 1565 cum
466 1523 615 1565 Latino
648 1530 759 1565 recte
791 1522 918 1564 tradit
942 1518 1206 1576 Ἀμμαθοῦς
1237 1538 1381 1566 uerum
1415 1523 1561 1578 oppidi
1592 1537 1757 1576 nomen,
1791 1537 1873 1565 non

208 1584 434 1643 ἶίμμαοῐς
455 1592 492 1640 ¹).
539 1591 631 1643 quis
655 1589 808 1632 deinde
829 1604 912 1632 non
934 1592 1177 1644 probauerit
1198 1605 1236 1644 p.
1262 1593 1355 1644 420,
1382 1595 1403 1632 7
1425 1589 1724 1644 βεβαμμένων,
1759 1591 1871 1644 quod

215 1658 256 1698 in
286 1658 459 1710 reliquis
487 1662 550 1699 est
570 1655 964 1712 7156pzssessl‘ffloe'vwv,
997 1663 1069 1699 aut
1099 1672 1138 1712 p.
1162 1661 1254 1713 443,
1278 1660 1302 1699 6
1337 1656 1636 1707 συνεξανύτειν
1667 1672 1743 1712 pro
1775 1659 1872 1700 reli-

213 1738 389 1777 quorum
429 1723 765 1778 συιέξανοίγειν,
807 1729 878 1766 aut
917 1739 956 1778 p.
990 1728 1085 1778 445,
1117 1728 1139 1766 3
1181 1723 1432 1781 ἐφθάνοντο
1472 1739 1554 1767 non
1595 1723 1869 1778 ἐφονεύοντο,

213 1806 251 1846 p.
286 1794 379 1844 505,
412 1795 435 1831 1
477 1785 615 1843 ἀκμὰς
646 1805 728 1833 non
762 1789 982 1843 αἰχμὰςῖ),
1024 1806 1063 1845 p.
1097 1795 1190 1845 520,
1224 1796 1247 1833 7
1280 1788 1373 1833 οὐδ’
1411 1791 1573 1833 εἰκαῖον
1604 1806 1687 1834 non
1719 1786 1768 1832 οὐ
1801 1790 1870 1833 δι’-

211 1860 365 1901 καιονῬ
400 1859 508 1901 alius
540 1860 656 1901 locus
688 1864 751 1900 est
782 1872 820 1911 p.
845 1861 937 1910 352,
962 1866 999 1910 9,
1032 1860 1103 1900 ubi
1135 1860 1176 1900 in
1202 1860 1318 1901 PAM
1350 1859 1527 1901 traditur
1558 1858 1735 1899 δαπανᾶ
1767 1853 1808 1899 6³
1844 1854 1868 1913 ἡ

212 1924 311 1981 τυχι]
344 1942 385 1966 τι
416 1926 487 1966 καὶ
519 1928 812 1978 παρίσταται,
851 1939 958 1977 quae
996 1927 1068 1966 uix
1100 1927 1321 1979 quisquam
1352 1927 1589 1979 intelleget,
1631 1927 1673 1967 in
1706 1926 1813 1968 VRC
1843 1920 1867 1981 ἡ

209 1990 289 2046 γάρ
312 1992 571 2045 scal-linco&
591 1990 693 2046 τύχη
717 1994 1002 2042 παρίσταται,
1036 2006 1143 2045 quae
1165 1995 1266 2035 satis
1289 1995 1391 2036 mire
1414 1998 1508 2036 sunt
1530 1994 1653 2035 dicta.
1707 1993 1741 2033 L
1773 2006 1867 2035 cum

211 2060 327 2101 PAM
366 2061 592 2105 consentit,
633 2059 708 2101 sed
751 2063 960 2101 correctus
1001 2064 1064 2101 est
1102 2073 1227 2101 manu
1268 2061 1521 2112 recentiore,
1562 2060 1615 2101 de
1655 2073 1737 2112 qua
1767 2073 1867 2101 mox

210 2127 434 2168 (licendum
471 2132 553 2180 est;
594 2140 690 2168 nam
731 2139 856 2168 uoces
895 2141 942 2166 τε
981 2126 1052 2166 καὶ
1084 2127 1359 2179 superaddita
1399 2131 1494 2169 sunt
1533 2131 1574 2168 et
1614 2125 1792 2166 δαπανᾶ
1840 2141 1867 2168 3

209 2199 442 2236 correctore
478 2195 706 2246 repositum
739 2198 801 2234 est
831 2193 961 2235 erasis
994 2194 1081 2234 fere
1116 2198 1277 2246 septem
1312 2194 1482 2246 litteris,
1515 2206 1690 2246 quarum
1728 2193 1865 2246 prima

209 2266 298 2302 erat
328 2276 352 2300 τ
381 2265 454 2302 aut
478 2275 535 2313 νη
568 2265 684 2302 extat
705 2260 860 2301 deinde
881 2262 922 2300 in
944 2260 1084 2301 media
1105 2273 1249 2302 rasura
1269 2266 1466 2303 accentus
1487 2266 1654 2313 acutus3
1686 2263 1866 2313 apparet

208 2329 335 2380 igitur
375 2329 475 2370 olim
514 2328 643 2370 fuisse
683 2328 725 2368 in
755 2327 788 2368 L
825 2326 1083 2378 παλίμπους
1123 2322 1163 2366 δ’
1211 2322 1232 2381 ἡ
1272 2325 1374 2382 τίχ’]
1414 2329 1706 2380 παρίσταται,
1749 2326 1862 2379 quod

208 2408 352 2437 omnes
385 2395 573 2436 ueritatis
605 2393 733 2436 habet
763 2396 1008 2442 numeros.3)
1059 2401 1236 2447 apparet
1267 2395 1393 2446 igitur
1424 2393 1631 2435 interdum
1661 2394 1862 2446 optimam

208 2462 452 2503 memoriam
491 2462 642 2503 melius
683 2465 890 2503 seruatam
930 2474 1020 2502 esse
1060 2461 1102 2500 in
1139 2461 1173 2501 L
1214 2474 1338 2513 quam
1379 2461 1420 2502 in
1452 2461 1545 2513 PA,
1589 2465 1630 2501 et
1661 2460 1860 2513 quoniam

206 2528 278 2569 PA
319 2529 402 2570 illis
441 2529 546 2571 locis
588 2542 681 2570 cum
715 2529 787 2569 VR
824 2533 896 2569 aut
928 2527 1036 2569 VRO
1077 2528 1339 2580 potissimum
1381 2528 1668 2579 consentiunt,
1710 2539 1763 2568 ex
1795 2525 1860 2568 his

320 2696 349 2734 1)
374 2694 417 2727 ct'.
444 2696 530 2727 Ant.
553 2692 632 2727 Iud.
650 2692 773 2727 XVIII
799 2694 852 2726 36.
946 2694 979 2730 2)
1004 2692 1065 2725 ubi
1090 2703 1168 2726 cum
1187 2693 1216 2726 L
1241 2692 1419 2727 consentit
1436 2691 1625 2726 Eusebius.
1720 2692 1751 2730 3)
1776 2690 1858 2725 uide

203 2759 238 2791 p.
262 2751 333 2789 129,
356 2751 407 2791 15,
432 2750 492 2783 ubi
509 2749 538 2782 L
564 2749 694 2783 omittit
717 2750 903 2793 γυναικῶν
921 2751 955 2780 et
971 2758 1005 2790 p.
1028 2751 1101 2789 130,
1122 2751 1173 2788 18,
1199 2748 1259 2782 ubi
1276 2749 1377 2783 abest
1390 2745 1473 2794 χρὴ,
1499 2751 1688 2790 utrumque
1703 2745 1858 2780 fortasse

203 2808 317 2845 reete;
353 2803 443 2838 adde
474 2816 508 2848 p.
536 2807 613 2842 417,
648 2807 707 2847 13;
745 2808 820 2845 430,
846 2807 887 2845 63
925 2806 1001 2844 431,
1030 2807 1088 2846 123
1126 2806 1201 2845 434,
1223 2808 1280 2848 123
1320 2806 1395 2844 113,
1421 2807 1459 2845 73
1498 2806 1573 2843 447,
1601 2804 1661 2845 183
1699 2804 1774 2843 407,
1805 2805 1855 2837 12.

200 2870 234 2902 p.
261 2861 336 2899 339,
364 2862 406 2893 24
430 2860 466 2893 in
491 2860 520 2893 L
545 2864 599 2894 est
629 2859 855 2905 προσμένειν
879 2859 1033 2894 fortasse
1066 2862 1271 2903 corruptum
1297 2869 1339 2894 ex
1374 2864 1572 2904 προσνεῖν,
1605 2857 1699 2902 quod
1729 2857 1857 2892 habuit

195 2914 360 2949 Latinus.
