<?xml version="1.0" encoding="UTF-8"?>
<!DOCTYPE html PUBLIC "-//W3C//DTD XHTML 1.0 Transitional//EN"
    "http://www.w3.org/TR/xhtml1/DTD/xhtml1-transitional.dtd">
<html xmlns="http://www.w3.org/1999/xhtml" xml:lang="en" lang="en">
 <head>
  <title>
</title>
<meta http-equiv="Content-Type" content="text/html;charset=utf-8" />
  <meta name='ocr-system' content='tesseract 3.04.00' />
  <meta name='ocr-capabilities' content='ocr_page ocr_carea ocr_par ocr_line ocrx_word'/>
</head>
<body>
  <div class='ocr_page' id='page_1' title='image "./operajosephus06joseuoft/operajosephus06joseuoft_0050.png"; bbox 0 0 1987 3246; ppageno 0'>
   <div class='ocr_carea' id='block_1_1' title="bbox 222 171 1142 209">
    <p class='ocr_par' dir='ltr' id='par_1_1' title="bbox 222 171 1142 209">
     <span class='ocr_line' id='line_1_1' title="bbox 222 171 1142 209; baseline -0.003 0"><span class='ocrx_word' id='word_1_1' title='bbox 222 174 338 209; x_wconf 85' lang='lat' dir='ltr'>XLVI</span> <span class='ocrx_word' id='word_1_2' title='bbox 953 171 1142 206; x_wconf 85' lang='lat' dir='ltr'>Praefatio.</span> 
     </span>
    </p>
   </div>
   <div class='ocr_carea' id='block_1_2' title="bbox 222 285 1875 945">
    <p class='ocr_par' dir='ltr' id='par_1_2' title="bbox 222 285 1875 945">
     <span class='ocr_line' id='line_1_2' title="bbox 223 285 1873 342; baseline -0.001 -11"><span class='ocrx_word' id='word_1_3' title='bbox 223 289 391 342; x_wconf 85' lang='lat' dir='ltr'>saepius</span> <span class='ocrx_word' id='word_1_4' title='bbox 423 287 579 328; x_wconf 85' lang='lat' dir='ltr'>dictum</span> <span class='ocrx_word' id='word_1_5' title='bbox 616 289 690 337; x_wconf 89' lang='lat' dir='ltr'>est,</span> <span class='ocrx_word' id='word_1_6' title='bbox 722 298 761 338; x_wconf 90' lang='lat' dir='ltr'>p.</span> <span class='ocrx_word' id='word_1_7' title='bbox 795 286 860 338; x_wconf 80' lang='lat'><strong>35,</strong></span> <span class='ocrx_word' id='word_1_8' title='bbox 888 286 935 325; x_wconf 82' lang='lat'>16</span> <span class='ocrx_word' id='word_1_9' title='bbox 966 285 1008 325; x_wconf 89' lang='lat' dir='ltr'>in</span> <span class='ocrx_word' id='word_1_10' title='bbox 1041 285 1241 327; x_wconf 88' lang='lat' dir='ltr'>Vrbinate</span> <span class='ocrx_word' id='word_1_11' title='bbox 1272 299 1396 327; x_wconf 89' lang='lat' dir='ltr'>manu</span> <span class='ocrx_word' id='word_1_12' title='bbox 1427 286 1561 339; x_wconf 90' lang='lat' dir='ltr'>prima</span> <span class='ocrx_word' id='word_1_13' title='bbox 1592 286 1748 339; x_wconf 84' lang='lat' dir='ltr'>scripta</span> <span class='ocrx_word' id='word_1_14' title='bbox 1778 293 1873 330; x_wconf 87' lang='lat' dir='ltr'>sunt</span> 
     </span>
     <span class='ocr_line' id='line_1_3' title="bbox 222 346 1872 406; baseline 0.001 -11"><span class='ocrx_word' id='word_1_15' title='bbox 222 353 578 406; x_wconf 70' lang='grc' dir='ltr'><em>κατατεταγμένω</em></span> <span class='ocrx_word' id='word_1_16' title='bbox 626 352 698 392; x_wconf 80' lang='grc' dir='ltr'>καὶ</span> <span class='ocrx_word' id='word_1_17' title='bbox 738 346 890 403; x_wconf 79' lang='grc' dir='ltr'><em>μόνοις</em></span> <span class='ocrx_word' id='word_1_18' title='bbox 932 346 1079 399; x_wconf 68' lang='grc' dir='ltr'><em>αὐτοῖς</em></span> <span class='ocrx_word' id='word_1_19' title='bbox 1122 359 1214 400; x_wconf 88' lang='grc' dir='ltr'><em>τοῖς</em></span> <span class='ocrx_word' id='word_1_20' title='bbox 1262 350 1393 400; x_wconf 82' lang='grc' dir='ltr'><em>ἰδίοις</em></span> <span class='ocrx_word' id='word_1_21' title='bbox 1444 347 1564 405; x_wconf 72' lang='grc' dir='ltr'><em>ὅροις</em></span> <span class='ocrx_word' id='word_1_22' title='bbox 1612 354 1756 406; x_wconf 82' lang='lat' dir='ltr'>qualia</span> <span class='ocrx_word' id='word_1_23' title='bbox 1801 367 1872 396; x_wconf 84' lang='lat' dir='ltr'>ex-</span> 
     </span>
     <span class='ocr_line' id='line_1_4' title="bbox 224 413 1875 470; baseline 0 -7"><span class='ocrx_word' id='word_1_24' title='bbox 224 422 368 463; x_wconf 79' lang='lat' dir='ltr'>hibent</span> <span class='ocrx_word' id='word_1_25' title='bbox 388 420 474 462; x_wconf 89' lang='lat' dir='ltr'>VR.</span> <span class='ocrx_word' id='word_1_26' title='bbox 534 418 608 462; x_wconf 87' lang='lat' dir='ltr'>sed</span> <span class='ocrx_word' id='word_1_27' title='bbox 641 422 849 461; x_wconf 88' lang='lat' dir='ltr'>corrector</span> <span class='ocrx_word' id='word_1_28' title='bbox 878 419 1059 460; x_wconf 87' lang='lat' dir='ltr'>restituit</span> <span class='ocrx_word' id='word_1_29' title='bbox 1087 416 1246 470; x_wconf 69' lang='grc' dir='ltr'><em>μόνους</em></span> <span class='ocrx_word' id='word_1_30' title='bbox 1277 413 1431 467; x_wconf 73' lang='grc' dir='ltr'><em>αὐτοὺς</em></span> <span class='ocrx_word' id='word_1_31' title='bbox 1463 424 1503 461; x_wconf 88' lang='lat' dir='ltr'>et</span> <span class='ocrx_word' id='word_1_32' title='bbox 1534 421 1639 461; x_wconf 85' lang='lat' dir='ltr'>inter</span> <span class='ocrx_word' id='word_1_33' title='bbox 1663 434 1809 463; x_wconf 89' lang='lat' dir='ltr'>uersus</span> <span class='ocrx_word' id='word_1_34' title='bbox 1833 426 1875 463; x_wconf 91' lang='lat' dir='ltr'>et</span> 
     </span>
     <span class='ocr_line' id='line_1_5' title="bbox 223 483 1874 541; baseline -0.001 -12"><span class='ocrx_word' id='word_1_35' title='bbox 223 490 264 530; x_wconf 88' lang='lat' dir='ltr'>in</span> <span class='ocrx_word' id='word_1_36' title='bbox 295 487 483 539; x_wconf 83' lang='lat' dir='ltr'>margine</span> <span class='ocrx_word' id='word_1_37' title='bbox 516 486 710 539; x_wconf 76' lang='lat' dir='ltr'>ascripsit</span> <span class='ocrx_word' id='word_1_38' title='bbox 742 485 786 526; x_wconf 83' lang='grc' dir='ltr'>αἳ</span> <span class='ocrx_word' id='word_1_39' title='bbox 818 486 889 526; x_wconf 75' lang='grc' dir='ltr'>νῦν</span> <span class='ocrx_word' id='word_1_40' title='bbox 922 483 1005 526; x_wconf 82' lang='grc' dir='ltr'>εἰσὶ</span> <span class='ocrx_word' id='word_1_41' title='bbox 1035 484 1379 541; x_wconf 76' lang='grc' dir='ltr'><em>χρηματίζουσαι</em></span> <span class='ocrx_word' id='word_1_42' title='bbox 1410 487 1634 540; x_wconf 76' lang='grc' dir='ltr'><em>λαμπρῶς,</em></span> <span class='ocrx_word' id='word_1_43' title='bbox 1666 489 1741 531; x_wconf 89' lang='lat' dir='ltr'>sed</span> <span class='ocrx_word' id='word_1_44' title='bbox 1764 488 1874 541; x_wconf 84' lang='grc' dir='ltr'><em>λαμ-</em></span> 
     </span>
     <span class='ocr_line' id='line_1_6' title="bbox 222 553 1872 609; baseline 0.001 -14"><span class='ocrx_word' id='word_1_45' title='bbox 222 556 345 608; x_wconf 75' lang='grc' dir='ltr'><em>πρῶς</em></span> <span class='ocrx_word' id='word_1_46' title='bbox 376 568 402 596; x_wconf 89' lang='lat' dir='ltr'>a</span> <span class='ocrx_word' id='word_1_47' title='bbox 432 558 665 597; x_wconf 88' lang='lat' dir='ltr'>correctore</span> <span class='ocrx_word' id='word_1_48' title='bbox 695 553 926 607; x_wconf 89' lang='lat' dir='ltr'>posteriore</span> <span class='ocrx_word' id='word_1_49' title='bbox 958 553 1192 594; x_wconf 87' lang='lat' dir='ltr'>restitutum</span> <span class='ocrx_word' id='word_1_50' title='bbox 1216 557 1278 595; x_wconf 87' lang='lat' dir='ltr'>est</span> <span class='ocrx_word' id='word_1_51' title='bbox 1308 558 1403 595; x_wconf 91' lang='lat' dir='ltr'>ante</span> <span class='ocrx_word' id='word_1_52' title='bbox 1436 556 1566 597; x_wconf 89' lang='lat' dir='ltr'>erasis</span> <span class='ocrx_word' id='word_1_53' title='bbox 1588 557 1872 609; x_wconf 82' lang='lat' dir='ltr'>compluribus</span> 
     </span>
     <span class='ocr_line' id='line_1_7' title="bbox 222 620 1872 676; baseline 0.001 -12"><span class='ocrx_word' id='word_1_54' title='bbox 222 623 385 665; x_wconf 81' lang='lat' dir='ltr'>litteris.</span> <span class='ocrx_word' id='word_1_55' title='bbox 444 625 622 676; x_wconf 89' lang='lat' dir='ltr'>apparet</span> <span class='ocrx_word' id='word_1_56' title='bbox 651 621 778 674; x_wconf 87' lang='lat' dir='ltr'>igitur</span> <span class='ocrx_word' id='word_1_57' title='bbox 809 621 989 673; x_wconf 89' lang='lat' dir='ltr'>primum</span> <span class='ocrx_word' id='word_1_58' title='bbox 1028 620 1068 660; x_wconf 90' lang='lat' dir='ltr'>in</span> <span class='ocrx_word' id='word_1_59' title='bbox 1106 621 1293 672; x_wconf 76' lang='lat' dir='ltr'>margine</span> <span class='ocrx_word' id='word_1_60' title='bbox 1334 622 1529 674; x_wconf 85' lang='lat' dir='ltr'>suppleta</span> <span class='ocrx_word' id='word_1_61' title='bbox 1569 635 1660 664; x_wconf 86' lang='lat' dir='ltr'>esse</span> <span class='ocrx_word' id='word_1_62' title='bbox 1701 636 1808 676; x_wconf 89' lang='lat' dir='ltr'>quae</span> <span class='ocrx_word' id='word_1_63' title='bbox 1841 623 1872 665; x_wconf 82' lang='lat' dir='ltr'>G</span> 
     </span>
     <span class='ocr_line' id='line_1_8' title="bbox 222 684 1873 745; baseline -0.002 -13"><span class='ocrx_word' id='word_1_64' title='bbox 222 689 343 732; x_wconf 70' lang='lat' dir='ltr'>addit</span> <span class='ocrx_word' id='word_1_65' title='bbox 375 690 419 730; x_wconf 79' lang='grc' dir='ltr'>αἳ</span> <span class='ocrx_word' id='word_1_66' title='bbox 450 690 523 730; x_wconf 73' lang='grc' dir='ltr'>νῦν</span> <span class='ocrx_word' id='word_1_67' title='bbox 556 687 642 729; x_wconf 72' lang='grc' dir='ltr'><em>εἰσὶ</em></span> <span class='ocrx_word' id='word_1_68' title='bbox 659 685 1005 742; x_wconf 72' lang='grc' dir='ltr'><em>χρηματίζουσαι</em></span> <span class='ocrx_word' id='word_1_69' title='bbox 1034 687 1121 726; x_wconf 76' lang='grc' dir='ltr'>τῶν</span> <span class='ocrx_word' id='word_1_70' title='bbox 1151 684 1260 726; x_wconf 78' lang='grc' dir='ltr'>κατὰ</span> <span class='ocrx_word' id='word_1_71' title='bbox 1282 684 1359 741; x_wconf 78' lang='grc' dir='ltr'>τὴν</span> <span class='ocrx_word' id='word_1_72' title='bbox 1384 688 1532 743; x_wconf 71' lang='grc' dir='ltr'><em>κοίλην</em></span> <span class='ocrx_word' id='word_1_73' title='bbox 1553 691 1714 742; x_wconf 78' lang='grc' dir='ltr'><em>Συρίαν</em></span> <span class='ocrx_word' id='word_1_74' title='bbox 1732 686 1873 745; x_wconf 62' lang='grc' dir='ltr'><em>Ἑλλη-</em></span> 
     </span>
     <span class='ocr_line' id='line_1_9' title="bbox 223 754 1872 811; baseline 0.001 -13"><span class='ocrx_word' id='word_1_75' title='bbox 223 756 354 798; x_wconf 84' lang='grc' dir='ltr'><em>νίδων</em></span> <span class='ocrx_word' id='word_1_76' title='bbox 376 755 562 806; x_wconf 82' lang='grc' dir='ltr'>πόλεων,</span> <span class='ocrx_word' id='word_1_77' title='bbox 587 755 740 797; x_wconf 88' lang='lat' dir='ltr'>deinde</span> <span class='ocrx_word' id='word_1_78' title='bbox 763 754 976 807; x_wconf 76' lang='grc' dir='ltr'><em>λαμπρῶς</em></span> <span class='ocrx_word' id='word_1_79' title='bbox 996 754 1225 808; x_wconf 89' lang='lat' dir='ltr'>repositum</span> <span class='ocrx_word' id='word_1_80' title='bbox 1244 767 1335 796; x_wconf 85' lang='lat' dir='ltr'>esse</span> <span class='ocrx_word' id='word_1_81' title='bbox 1352 768 1404 796; x_wconf 83' lang='lat' dir='ltr'>ex</span> <span class='ocrx_word' id='word_1_82' title='bbox 1422 755 1550 808; x_wconf 85' lang='lat' dir='ltr'><strong>PAM,</strong></span> <span class='ocrx_word' id='word_1_83' title='bbox 1574 756 1684 798; x_wconf 87' lang='lat' dir='ltr'>unde</span> <span class='ocrx_word' id='word_1_84' title='bbox 1704 758 1872 811; x_wconf 89' lang='lat' dir='ltr'>supple-</span> 
     </span>
     <span class='ocr_line' id='line_1_10' title="bbox 223 822 1873 876; baseline -0.002 -9"><span class='ocrx_word' id='word_1_85' title='bbox 223 829 408 867; x_wconf 78' lang='lat' dir='ltr'>mentum</span> <span class='ocrx_word' id='word_1_86' title='bbox 439 828 574 866; x_wconf 87' lang='lat' dir='ltr'>ortum</span> <span class='ocrx_word' id='word_1_87' title='bbox 606 828 668 865; x_wconf 89' lang='lat' dir='ltr'>est</span> <span class='ocrx_word' id='word_1_88' title='bbox 700 837 752 865; x_wconf 75' lang='lat' dir='ltr'>ex</span> <span class='ocrx_word' id='word_1_89' title='bbox 783 827 957 875; x_wconf 90' lang='lat' dir='ltr'>utroque</span> <span class='ocrx_word' id='word_1_90' title='bbox 989 834 1142 874; x_wconf 85' lang='lat' dir='ltr'>genere</span> <span class='ocrx_word' id='word_1_91' title='bbox 1174 822 1363 862; x_wconf 82' lang='lat' dir='ltr'>mixtum.</span> <span class='ocrx_word' id='word_1_92' title='bbox 1423 826 1466 863; x_wconf 88' lang='lat' dir='ltr'>at</span> <span class='ocrx_word' id='word_1_93' title='bbox 1496 836 1536 875; x_wconf 90' lang='lat' dir='ltr'>p.</span> <span class='ocrx_word' id='word_1_94' title='bbox 1570 825 1635 876; x_wconf 79' lang='lat'><strong>34,</strong></span> <span class='ocrx_word' id='word_1_95' title='bbox 1661 827 1705 865; x_wconf 91' lang='lat'>11</span> <span class='ocrx_word' id='word_1_96' title='bbox 1743 825 1873 864; x_wconf 81' lang='grc' dir='ltr'><em>σπέν-</em></span> 
     </span>
     <span class='ocr_line' id='line_1_11' title="bbox 224 886 1874 945; baseline 0 -13"><span class='ocrx_word' id='word_1_97' title='bbox 224 892 371 941; x_wconf 83' lang='grc' dir='ltr'><em>δοντες</em></span> <span class='ocrx_word' id='word_1_98' title='bbox 414 891 460 933; x_wconf 78' lang='grc' dir='ltr'>δὲ</span> <span class='ocrx_word' id='word_1_99' title='bbox 497 886 837 945; x_wconf 73' lang='grc' dir='ltr'>ἀπεσφάττοντο</span> <span class='ocrx_word' id='word_1_100' title='bbox 879 889 948 929; x_wconf 78' lang='grc' dir='ltr'>καὶ</span> <span class='ocrx_word' id='word_1_101' title='bbox 998 889 1245 941; x_wconf 72' lang='grc' dir='ltr'><em>θυμιῶντες</em></span> <span class='ocrx_word' id='word_1_102' title='bbox 1284 889 1451 942; x_wconf 80' lang='lat' dir='ltr'>scripsit</span> <span class='ocrx_word' id='word_1_103' title='bbox 1488 903 1634 931; x_wconf 88' lang='lat' dir='ltr'>manus</span> <span class='ocrx_word' id='word_1_104' title='bbox 1676 893 1719 943; x_wconf 92' lang='lat'><strong>1,</strong></span> <span class='ocrx_word' id='word_1_105' title='bbox 1762 891 1874 943; x_wconf 83' lang='lat' dir='ltr'>quod</span> 
     </span>
    </p>
   </div>
   <div class='ocr_carea' id='block_1_3' title="bbox 224 953 1937 1011">
    <p class='ocr_par' dir='ltr' id='par_1_3' title="bbox 224 953 1937 1011">
     <span class='ocr_line' id='line_1_12' title="bbox 224 953 1937 1011; baseline -0.004 -8"><span class='ocrx_word' id='word_1_106' title='bbox 224 964 432 1002; x_wconf 87' lang='lat' dir='ltr'>corrector</span> <span class='ocrx_word' id='word_1_107' title='bbox 462 959 674 1011; x_wconf 84' lang='lat' dir='ltr'>antiquior</span> <span class='ocrx_word' id='word_1_108' title='bbox 704 957 959 1011; x_wconf 82' lang='lat' dir='ltr'>transposuit</span> <span class='ocrx_word' id='word_1_109' title='bbox 991 955 1251 1003; x_wconf 71' lang='grc' dir='ltr'><em>σπένδοντες</em></span> <span class='ocrx_word' id='word_1_110' title='bbox 1288 954 1333 996; x_wconf 76' lang='grc' dir='ltr'>δὲ</span> <span class='ocrx_word' id='word_1_111' title='bbox 1363 956 1434 996; x_wconf 77' lang='grc' dir='ltr'>καὶ</span> <span class='ocrx_word' id='word_1_112' title='bbox 1474 957 1723 1008; x_wconf 72' lang='grc' dir='ltr'><em>θυμιῶντες</em></span> <span class='ocrx_word' id='word_1_113' title='bbox 1763 953 1874 997; x_wconf 78' lang='grc' dir='ltr'>ἇπὲ-</span> <span class='ocrx_word' id='word_1_114' title='bbox 1933 960 1937 963; x_wconf 82' lang='grc'><strong>“</strong></span> 
     </span>
    </p>
   </div>
   <div class='ocr_carea' id='block_1_4' title="bbox 220 1023 1876 2797">
    <p class='ocr_par' dir='ltr' id='par_1_4' title="bbox 222 1023 1875 1412">
     <span class='ocr_line' id='line_1_13' title="bbox 224 1023 1874 1083; baseline -0.001 -15"><span class='ocrx_word' id='word_1_115' title='bbox 224 1027 471 1083; x_wconf 63' lang='grc' dir='ltr'><em>σφάττοντο</em></span> <span class='ocrx_word' id='word_1_116' title='bbox 504 1040 596 1068; x_wconf 89' lang='lat' dir='ltr'>cum</span> <span class='ocrx_word' id='word_1_117' title='bbox 631 1025 661 1067; x_wconf 85' lang='lat' dir='ltr'>C</span> <span class='ocrx_word' id='word_1_118' title='bbox 694 1025 970 1067; x_wconf 85' lang='lat' dir='ltr'>consentiens.</span> <span class='ocrx_word' id='word_1_119' title='bbox 1037 1024 1311 1077; x_wconf 81' lang='lat' dir='ltr'>posteriorem</span> <span class='ocrx_word' id='word_1_120' title='bbox 1353 1027 1631 1065; x_wconf 79' lang='lat' dir='ltr'>correctorem</span> <span class='ocrx_word' id='word_1_121' title='bbox 1670 1023 1874 1067; x_wconf 76' lang='lat' dir='ltr'>habemus</span> 
     </span>
     <span class='ocr_line' id='line_1_14' title="bbox 222 1085 1874 1149; baseline -0.003 -12"><span class='ocrx_word' id='word_1_122' title='bbox 222 1097 332 1138; x_wconf 83' lang='lat' dir='ltr'>infra</span> <span class='ocrx_word' id='word_1_123' title='bbox 362 1109 400 1149; x_wconf 92' lang='lat' dir='ltr'>p.</span> <span class='ocrx_word' id='word_1_124' title='bbox 427 1097 518 1146; x_wconf 78' lang='grc'>146,</span> <span class='ocrx_word' id='word_1_125' title='bbox 551 1097 587 1146; x_wconf 81' lang='lat'><strong>5,</strong></span> <span class='ocrx_word' id='word_1_126' title='bbox 619 1093 690 1134; x_wconf 87' lang='lat' dir='ltr'>ubi</span> <span class='ocrx_word' id='word_1_127' title='bbox 722 1105 840 1134; x_wconf 86' lang='lat' dir='ltr'>eraso</span> <span class='ocrx_word' id='word_1_128' title='bbox 870 1087 1041 1147; x_wconf 77' lang='grc' dir='ltr'><em>ἡρώδην</em></span> <span class='ocrx_word' id='word_1_129' title='bbox 1072 1091 1124 1132; x_wconf 83' lang='lat' dir='ltr'>ab</span> <span class='ocrx_word' id='word_1_130' title='bbox 1157 1104 1205 1132; x_wconf 87' lang='lat' dir='ltr'>eo</span> <span class='ocrx_word' id='word_1_131' title='bbox 1237 1092 1464 1143; x_wconf 86' lang='lat' dir='ltr'>repositum</span> <span class='ocrx_word' id='word_1_132' title='bbox 1498 1095 1561 1133; x_wconf 84' lang='lat' dir='ltr'>est</span> <span class='ocrx_word' id='word_1_133' title='bbox 1592 1085 1749 1144; x_wconf 65' lang='grc' dir='ltr'><em>οἷέαρον</em></span> <span class='ocrx_word' id='word_1_134' title='bbox 1781 1105 1874 1134; x_wconf 85' lang='lat' dir='ltr'>cum</span> 
     </span>
     <span class='ocr_line' id='line_1_15' title="bbox 223 1153 1874 1217; baseline -0.002 -13"><span class='ocrx_word' id='word_1_135' title='bbox 223 1163 351 1217; x_wconf 85' lang='lat' dir='ltr'><strong>PAM,</strong></span> <span class='ocrx_word' id='word_1_136' title='bbox 376 1167 416 1205; x_wconf 85' lang='lat' dir='ltr'>et</span> <span class='ocrx_word' id='word_1_137' title='bbox 443 1164 531 1214; x_wconf 72' lang='lat'><strong>146,</strong></span> <span class='ocrx_word' id='word_1_138' title='bbox 554 1164 592 1214; x_wconf 99' lang='lat'>9,</span> <span class='ocrx_word' id='word_1_139' title='bbox 624 1160 701 1201; x_wconf 89' lang='lat' dir='ltr'>ubi·</span> <span class='ocrx_word' id='word_1_140' title='bbox 718 1157 952 1211; x_wconf 72' lang='grc' dir='ltr'><em>ἐπίβουλος</em></span> <span class='ocrx_word' id='word_1_141' title='bbox 975 1153 1243 1211; x_wconf 78' lang='grc' dir='ltr'><em>ἀντίπατρος</em></span> <span class='ocrx_word' id='word_1_142' title='bbox 1267 1153 1509 1209; x_wconf 74' lang='grc' dir='ltr'><em>εὑρίσκεται</em></span> <span class='ocrx_word' id='word_1_143' title='bbox 1532 1158 1707 1200; x_wconf 84' lang='lat' dir='ltr'>dederat</span> <span class='ocrx_word' id='word_1_144' title='bbox 1729 1173 1874 1202; x_wconf 87' lang='lat' dir='ltr'>manus</span> 
     </span>
     <span class='ocr_line' id='line_1_16' title="bbox 223 1219 1874 1283; baseline -0.004 -11"><span class='ocrx_word' id='word_1_145' title='bbox 223 1232 378 1283; x_wconf 87' lang='lat' dir='ltr'>prima,</span> <span class='ocrx_word' id='word_1_146' title='bbox 419 1235 461 1271; x_wconf 85' lang='lat' dir='ltr'>at</span> <span class='ocrx_word' id='word_1_147' title='bbox 492 1231 701 1270; x_wconf 89' lang='lat' dir='ltr'>corrector</span> <span class='ocrx_word' id='word_1_148' title='bbox 732 1226 936 1268; x_wconf 86' lang='lat' dir='ltr'>recentior</span> <span class='ocrx_word' id='word_1_149' title='bbox 967 1226 1147 1267; x_wconf 86' lang='lat' dir='ltr'>restituit</span> <span class='ocrx_word' id='word_1_150' title='bbox 1186 1222 1423 1277; x_wconf 73' lang='grc' dir='ltr'><em>ἐπιβουλὰς</em></span> <span class='ocrx_word' id='word_1_151' title='bbox 1462 1219 1731 1278; x_wconf 76' lang='grc' dir='ltr'><em>ἀντίπατρος</em></span> <span class='ocrx_word' id='word_1_152' title='bbox 1762 1222 1874 1277; x_wconf 73' lang='grc' dir='ltr'><em>εὑρί-</em></span> 
     </span>
     <span class='ocr_line' id='line_1_17' title="bbox 224 1292 1875 1351; baseline -0.002 -12"><span class='ocrx_word' id='word_1_153' title='bbox 224 1312 371 1339; x_wconf 76' lang='grc' dir='ltr'><em>σκεται</em></span> <span class='ocrx_word' id='word_1_154' title='bbox 411 1292 679 1351; x_wconf 67' lang='grc' dir='ltr'><em>πεποιηκώς.</em></span> <span class='ocrx_word' id='word_1_155' title='bbox 747 1298 923 1347; x_wconf 85' lang='lat' dir='ltr'>apparet</span> <span class='ocrx_word' id='word_1_156' title='bbox 959 1293 1084 1345; x_wconf 83' lang='lat' dir='ltr'>igitur</span> <span class='ocrx_word' id='word_1_157' title='bbox 1122 1307 1147 1333; x_wconf 88' lang='lat' dir='ltr'>a</span> <span class='ocrx_word' id='word_1_158' title='bbox 1186 1293 1324 1346; x_wconf 88' lang='lat' dir='ltr'>priore</span> <span class='ocrx_word' id='word_1_159' title='bbox 1366 1296 1600 1334; x_wconf 86' lang='lat' dir='ltr'>correctore</span> <span class='ocrx_word' id='word_1_160' title='bbox 1637 1292 1875 1335; x_wconf 87' lang='lat' dir='ltr'>adhibitum</span> 
     </span>
     <span class='ocr_line' id='line_1_18' title="bbox 224 1360 1434 1412; baseline -0.007 -4"><span class='ocrx_word' id='word_1_161' title='bbox 224 1379 315 1408; x_wconf 86' lang='lat' dir='ltr'>esse</span> <span class='ocrx_word' id='word_1_162' title='bbox 348 1365 536 1407; x_wconf 86' lang='lat' dir='ltr'>codicem</span> <span class='ocrx_word' id='word_1_163' title='bbox 569 1362 754 1403; x_wconf 83' lang='lat' dir='ltr'>familiae</span> <span class='ocrx_word' id='word_1_164' title='bbox 785 1360 830 1412; x_wconf 81' lang='lat' dir='ltr'><strong>O,</strong></span> <span class='ocrx_word' id='word_1_165' title='bbox 862 1360 915 1401; x_wconf 86' lang='lat' dir='ltr'>ab</span> <span class='ocrx_word' id='word_1_166' title='bbox 947 1360 1079 1400; x_wconf 85' lang='lat' dir='ltr'>altero</span> <span class='ocrx_word' id='word_1_167' title='bbox 1111 1360 1276 1411; x_wconf 80' lang='lat' dir='ltr'>generis</span> <span class='ocrx_word' id='word_1_168' title='bbox 1307 1360 1434 1400; x_wconf 87' lang='lat' dir='ltr'>PAM.</span> 
     </span>
    </p>

    <p class='ocr_par' dir='ltr' id='par_1_5' title="bbox 220 1425 1876 2793">
     <span class='ocr_line' id='line_1_19' title="bbox 333 1425 1873 1479; baseline -0.005 -6"><span class='ocrx_word' id='word_1_169' title='bbox 333 1432 455 1473; x_wconf 89' lang='lat' dir='ltr'>Nunc</span> <span class='ocrx_word' id='word_1_170' title='bbox 486 1428 875 1472; x_wconf 83' lang='lat' dir='ltr'>commemorandus</span> <span class='ocrx_word' id='word_1_171' title='bbox 908 1431 970 1467; x_wconf 86' lang='lat' dir='ltr'>cst</span> <span class='ocrx_word' id='word_1_172' title='bbox 1000 1426 1136 1468; x_wconf 80' lang='lat' dir='ltr'>codex</span> <span class='ocrx_word' id='word_1_173' title='bbox 1178 1425 1393 1465; x_wconf 46' lang='lat' dir='ltr'>Ifosaeianus</span> <span class='ocrx_word' id='word_1_174' title='bbox 1424 1428 1491 1468; x_wconf 91' lang='lat' dir='ltr'>uel</span> <span class='ocrx_word' id='word_1_175' title='bbox 1517 1426 1873 1479; x_wconf 73' lang='lat' dir='ltr'>Luydmzo-Bola-</span> 
     </span>
     <span class='ocr_line' id='line_1_20' title="bbox 224 1493 1876 1552; baseline -0.002 -13"><span class='ocrx_word' id='word_1_176' title='bbox 224 1514 296 1539; x_wconf 71' lang='lat' dir='ltr'>aas</span> <span class='ocrx_word' id='word_1_177' title='bbox 315 1502 361 1549; x_wconf 83' lang='lat'>¹),</span> <span class='ocrx_word' id='word_1_178' title='bbox 405 1499 474 1552; x_wconf 87' lang='lat' dir='ltr'>qui</span> <span class='ocrx_word' id='word_1_179' title='bbox 508 1511 600 1540; x_wconf 81' lang='lat' dir='ltr'>cuin</span> <span class='ocrx_word' id='word_1_180' title='bbox 631 1496 705 1537; x_wconf 87' lang='lat' dir='ltr'>VR</span> <span class='ocrx_word' id='word_1_181' title='bbox 736 1495 776 1535; x_wconf 87' lang='lat' dir='ltr'>in</span> <span class='ocrx_word' id='word_1_182' title='bbox 809 1493 998 1546; x_wconf 86' lang='lat' dir='ltr'>plurimis</span> <span class='ocrx_word' id='word_1_183' title='bbox 1030 1497 1070 1534; x_wconf 87' lang='lat' dir='ltr'>et</span> <span class='ocrx_word' id='word_1_184' title='bbox 1110 1493 1370 1545; x_wconf 87' lang='lat' dir='ltr'>grauissimis</span> <span class='ocrx_word' id='word_1_185' title='bbox 1403 1494 1666 1544; x_wconf 84' lang='lat' dir='ltr'>consentit)</span> <span class='ocrx_word' id='word_1_186' title='bbox 1735 1498 1876 1537; x_wconf 86' lang='lat' dir='ltr'>tamen</span> 
     </span>
     <span class='ocr_line' id='line_1_21' title="bbox 221 1560 1876 1617; baseline -0.005 -6"><span class='ocrx_word' id='word_1_187' title='bbox 221 1582 274 1610; x_wconf 79' lang='lat' dir='ltr'>ex</span> <span class='ocrx_word' id='word_1_188' title='bbox 312 1572 457 1610; x_wconf 88' lang='lat' dir='ltr'>neutro</span> <span class='ocrx_word' id='word_1_189' title='bbox 499 1579 642 1608; x_wconf 83' lang='lat' dir='ltr'>eorum</span> <span class='ocrx_word' id='word_1_190' title='bbox 682 1564 835 1617; x_wconf 88' lang='lat' dir='ltr'>petitus</span> <span class='ocrx_word' id='word_1_191' title='bbox 877 1567 959 1612; x_wconf 86' lang='lat' dir='ltr'>est,</span> <span class='ocrx_word' id='word_1_192' title='bbox 1007 1560 1081 1602; x_wconf 85' lang='lat' dir='ltr'>sed</span> <span class='ocrx_word' id='word_1_193' title='bbox 1122 1572 1241 1601; x_wconf 88' lang='lat' dir='ltr'>suum</span> <span class='ocrx_word' id='word_1_194' title='bbox 1284 1560 1422 1601; x_wconf 87' lang='lat' dir='ltr'>locum</span> <span class='ocrx_word' id='word_1_195' title='bbox 1472 1561 1653 1612; x_wconf 88' lang='lat' dir='ltr'>obtinet,</span> <span class='ocrx_word' id='word_1_196' title='bbox 1702 1574 1795 1603; x_wconf 88' lang='lat' dir='ltr'>cum</span> <span class='ocrx_word' id='word_1_197' title='bbox 1836 1566 1876 1603; x_wconf 89' lang='lat' dir='ltr'>et</span> 
     </span>
     <span class='ocr_line' id='line_1_22' title="bbox 222 1627 1874 1688; baseline -0.005 -11"><span class='ocrx_word' id='word_1_198' title='bbox 222 1634 431 1688; x_wconf 81' lang='lat' dir='ltr'>quaedam</span> <span class='ocrx_word' id='word_1_199' title='bbox 463 1648 516 1676; x_wconf 75' lang='lat' dir='ltr'>ex</span> <span class='ocrx_word' id='word_1_200' title='bbox 547 1644 700 1685; x_wconf 81' lang='lat' dir='ltr'>genere</span> <span class='ocrx_word' id='word_1_201' title='bbox 731 1630 903 1671; x_wconf 83' lang='lat' dir='ltr'>meliore</span> <span class='ocrx_word' id='word_1_202' title='bbox 930 1627 1084 1668; x_wconf 84' lang='lat' dir='ltr'>habeat</span> <span class='ocrx_word' id='word_1_203' title='bbox 1115 1627 1365 1680; x_wconf 86' lang='lat' dir='ltr'>deprompta</span> <span class='ocrx_word' id='word_1_204' title='bbox 1387 1631 1427 1668; x_wconf 88' lang='lat' dir='ltr'>et</span> <span class='ocrx_word' id='word_1_205' title='bbox 1456 1640 1538 1668; x_wconf 90' lang='lat' dir='ltr'>non</span> <span class='ocrx_word' id='word_1_206' title='bbox 1569 1641 1704 1680; x_wconf 86' lang='lat' dir='ltr'>pauca</span> <span class='ocrx_word' id='word_1_207' title='bbox 1735 1629 1874 1681; x_wconf 81' lang='lat' dir='ltr'>singu-</span> 
     </span>
     <span class='ocr_line' id='line_1_23' title="bbox 222 1694 1874 1754; baseline -0.006 -10"><span class='ocrx_word' id='word_1_208' title='bbox 222 1703 339 1754; x_wconf 80' lang='lat' dir='ltr'>laria,</span> <span class='ocrx_word' id='word_1_209' title='bbox 372 1702 415 1743; x_wconf 85' lang='lat' dir='ltr'>id</span> <span class='ocrx_word' id='word_1_210' title='bbox 447 1701 559 1754; x_wconf 86' lang='lat' dir='ltr'>quod</span> <span class='ocrx_word' id='word_1_211' title='bbox 590 1712 699 1740; x_wconf 89' lang='lat' dir='ltr'>nunc</span> <span class='ocrx_word' id='word_1_212' title='bbox 728 1698 875 1752; x_wconf 86' lang='lat' dir='ltr'>paucis</span> <span class='ocrx_word' id='word_1_213' title='bbox 906 1695 1112 1748; x_wconf 76' lang='lat' dir='ltr'>exemplis</span> <span class='ocrx_word' id='word_1_214' title='bbox 1142 1694 1435 1735; x_wconf 83' lang='lat' dir='ltr'>illustrandum</span> <span class='ocrx_word' id='word_1_215' title='bbox 1457 1699 1532 1736; x_wconf 86' lang='lat' dir='ltr'>est.</span> <span class='ocrx_word' id='word_1_216' title='bbox 1583 1708 1622 1747; x_wconf 87' lang='lat' dir='ltr'>p.</span> <span class='ocrx_word' id='word_1_217' title='bbox 1650 1697 1741 1747; x_wconf 77' lang='grc'>146,</span> <span class='ocrx_word' id='word_1_218' title='bbox 1772 1698 1874 1735; x_wconf 71' lang='grc'>1-1</span> 
     </span>
     <span class='ocr_line' id='line_1_24' title="bbox 224 1755 1873 1819; baseline -0.006 -8"><span class='ocrx_word' id='word_1_219' title='bbox 224 1770 328 1812; x_wconf 83' lang='lat' dir='ltr'>haec</span> <span class='ocrx_word' id='word_1_220' title='bbox 359 1768 550 1811; x_wconf 78' lang='lat' dir='ltr'>exhibet:</span> <span class='ocrx_word' id='word_1_221' title='bbox 594 1762 751 1819; x_wconf 65' lang='grc' dir='ltr'><em>οὕαρος</em></span> <span class='ocrx_word' id='word_1_222' title='bbox 793 1763 838 1804; x_wconf 77' lang='grc' dir='ltr'>δὲ·</span> <span class='ocrx_word' id='word_1_223' title='bbox 879 1761 1097 1804; x_wconf 66' lang='grc' dir='ltr'><em>ἐκέλευσεν</em></span> <span class='ocrx_word' id='word_1_224' title='bbox 1129 1755 1455 1813; x_wconf 67' lang='grc' dir='ltr'><em>ἀπολογεῖσθαι</em></span> <span class='ocrx_word' id='word_1_225' title='bbox 1484 1759 1560 1801; x_wconf 82' lang='grc' dir='ltr'>τὸν</span> <span class='ocrx_word' id='word_1_226' title='bbox 1591 1756 1873 1815; x_wconf 79' lang='grc' dir='ltr'><em>ἆντίπατρον,</em></span> 
     </span>
     <span class='ocr_line' id='line_1_25' title="bbox 220 1822 1875 1885; baseline -0.005 -8"><span class='ocrx_word' id='word_1_227' title='bbox 220 1838 290 1878; x_wconf 78' lang='grc' dir='ltr'>καὶ</span> <span class='ocrx_word' id='word_1_228' title='bbox 332 1834 380 1884; x_wconf 74' lang='grc' dir='ltr'><em>ὃς</em></span> <span class='ocrx_word' id='word_1_229' title='bbox 418 1830 541 1876; x_wconf 66' lang='grc' dir='ltr'><em>οἰδὲν</em></span> <span class='ocrx_word' id='word_1_230' title='bbox 582 1832 715 1874; x_wconf 69' lang='grc' dir='ltr'><em>πλέον</em></span> <span class='ocrx_word' id='word_1_231' title='bbox 756 1828 894 1873; x_wconf 74' lang='grc' dir='ltr'><em>εἰπών</em></span> <span class='ocrx_word' id='word_1_232' title='bbox 933 1823 957 1885; x_wconf 77' lang='grc' dir='ltr'><em>ἢ</em></span> <span class='ocrx_word' id='word_1_233' title='bbox 996 1827 1105 1876; x_wconf 73' lang='grc' dir='ltr'><em>θεὸς</em></span> <span class='ocrx_word' id='word_1_234' title='bbox 1144 1827 1238 1869; x_wconf 74' lang='grc' dir='ltr'><em>ἐστι’</em></span> <span class='ocrx_word' id='word_1_235' title='bbox 1281 1844 1359 1880; x_wconf 84' lang='grc' dir='ltr'>μοι</span> <span class='ocrx_word' id='word_1_236' title='bbox 1406 1829 1484 1868; x_wconf 80' lang='grc' dir='ltr'>τοῦ</span> <span class='ocrx_word' id='word_1_237' title='bbox 1529 1826 1662 1882; x_wconf 75' lang='grc' dir='ltr'><em>μηδὲν</em></span> <span class='ocrx_word' id='word_1_238' title='bbox 1710 1822 1875 1869; x_wconf 74' lang='grc' dir='ltr'><em>ἀδικεῖν</em></span> 
     </span>
     <span class='ocr_line' id='line_1_26' title="bbox 221 1893 1875 1956; baseline -0.005 -12"><span class='ocrx_word' id='word_1_239' title='bbox 221 1902 385 1956; x_wconf 67' lang='grc' dir='ltr'><em>μάρτυς</em></span> <span class='ocrx_word' id='word_1_240' title='bbox 426 1902 560 1943; x_wconf 70' lang='grc' dir='ltr'><em>ἔκειτο</em></span> <span class='ocrx_word' id='word_1_241' title='bbox 594 1901 744 1954; x_wconf 77' lang='grc' dir='ltr'><em>σιγῶν,</em></span> <span class='ocrx_word' id='word_1_242' title='bbox 787 1896 969 1952; x_wconf 73' lang='grc' dir='ltr'><em>αἰτήσεις</em></span> <span class='ocrx_word' id='word_1_243' title='bbox 1010 1896 1055 1937; x_wconf 78' lang='grc' dir='ltr'>δὲ</span> <span class='ocrx_word' id='word_1_244' title='bbox 1091 1893 1138 1938; x_wconf 74' lang='grc' dir='ltr'>τὸ</span> <span class='ocrx_word' id='word_1_245' title='bbox 1179 1894 1429 1951; x_wconf 78' lang='grc' dir='ltr'><em>φάρμακον·</em></span> <span class='ocrx_word' id='word_1_246' title='bbox 1473 1893 1630 1935; x_wconf 80' lang='grc' dir='ltr'><em>δίδωσί</em></span> <span class='ocrx_word' id='word_1_247' title='bbox 1665 1910 1752 1936; x_wconf 84' lang='grc' dir='ltr'><em>τινι</em></span> <span class='ocrx_word' id='word_1_248' title='bbox 1789 1896 1875 1935; x_wconf 79' lang='grc' dir='ltr'>τῶν</span> 
     </span>
     <span class='ocr_line' id='line_1_27' title="bbox 223 1962 1874 2023; baseline -0.004 -12"><span class='ocrx_word' id='word_1_249' title='bbox 223 1969 297 2012; x_wconf 76' lang='grc' dir='ltr'>ἐπὶ</span> <span class='ocrx_word' id='word_1_250' title='bbox 328 1968 512 2023; x_wconf 69' lang='grc' dir='ltr'><em>θανάτῳ</em></span> <span class='ocrx_word' id='word_1_251' title='bbox 543 1969 896 2021; x_wconf 62' lang='grc' dir='ltr'><em>κατα-κριθέντων</em></span> <span class='ocrx_word' id='word_1_252' title='bbox 937 1972 1056 2005; x_wconf 76' lang='grc' dir='ltr'><em>πιεῖν</em></span> <span class='ocrx_word' id='word_1_253' title='bbox 1095 1965 1184 2005; x_wconf 80' lang='lat' dir='ltr'>sine</span> <span class='ocrx_word' id='word_1_254' title='bbox 1224 1963 1350 2004; x_wconf 85' lang='lat' dir='ltr'>dubio</span> <span class='ocrx_word' id='word_1_255' title='bbox 1396 1962 1648 2015; x_wconf 76' lang='lat' dir='ltr'>interpolata</span> <span class='ocrx_word' id='word_1_256' title='bbox 1688 1967 1728 2003; x_wconf 80' lang='lat' dir='ltr'>et</span> <span class='ocrx_word' id='word_1_257' title='bbox 1767 1975 1874 2015; x_wconf 79' lang='lat' dir='ltr'>quae</span> 
     </span>
     <span class='ocr_line' id='line_1_28' title="bbox 221 2024 1874 2081; baseline -0.006 -1"><span class='ocrx_word' id='word_1_258' title='bbox 221 2053 247 2079; x_wconf 85' lang='lat' dir='ltr'>a</span> <span class='ocrx_word' id='word_1_259' title='bbox 285 2039 400 2080; x_wconf 83' lang='lat' dir='ltr'>nulio</span> <span class='ocrx_word' id='word_1_260' title='bbox 440 2038 523 2079; x_wconf 87' lang='lat' dir='ltr'>alio</span> <span class='ocrx_word' id='word_1_261' title='bbox 563 2035 792 2077; x_wconf 86' lang='lat' dir='ltr'>traduntur.</span> <span class='ocrx_word' id='word_1_262' title='bbox 840 2047 877 2074; x_wconf 88' lang='lat' dir='ltr'>u.</span> <span class='ocrx_word' id='word_1_263' title='bbox 912 2035 935 2072; x_wconf 85' lang='lat'>5</span> <span class='ocrx_word' id='word_1_264' title='bbox 969 2033 1010 2073; x_wconf 90' lang='lat' dir='ltr'>in</span> <span class='ocrx_word' id='word_1_265' title='bbox 1049 2035 1164 2072; x_wconf 77' lang='lat' dir='ltr'>textu</span> <span class='ocrx_word' id='word_1_266' title='bbox 1206 2029 1333 2071; x_wconf 86' lang='lat' dir='ltr'>habet</span> <span class='ocrx_word' id='word_1_267' title='bbox 1372 2024 1531 2081; x_wconf 66' lang='grc' dir='ltr'><em>οἰῖαρον</em></span> <span class='ocrx_word' id='word_1_268' title='bbox 1568 2042 1660 2070; x_wconf 90' lang='lat' dir='ltr'>cum</span> <span class='ocrx_word' id='word_1_269' title='bbox 1698 2028 1793 2080; x_wconf 89' lang='lat' dir='ltr'><strong>PA,</strong></span> <span class='ocrx_word' id='word_1_270' title='bbox 1833 2029 1874 2070; x_wconf 93' lang='lat' dir='ltr'>in</span> 
     </span>
     <span class='ocr_line' id='line_1_29' title="bbox 221 2093 1875 2158; baseline -0.007 -11"><span class='ocrx_word' id='word_1_271' title='bbox 221 2106 410 2158; x_wconf 85' lang='lat' dir='ltr'>margine</span> <span class='ocrx_word' id='word_1_272' title='bbox 448 2103 642 2156; x_wconf 83' lang='lat' dir='ltr'>ascripsit</span> <span class='ocrx_word' id='word_1_273' title='bbox 682 2104 890 2143; x_wconf 85' lang='lat' dir='ltr'>corrector</span> <span class='ocrx_word' id='word_1_274' title='bbox 928 2095 1119 2153; x_wconf 65' lang='grc' dir='ltr'>ἡρώδι]ν;</span> <span class='ocrx_word' id='word_1_275' title='bbox 1158 2110 1196 2138; x_wconf 90' lang='lat' dir='ltr'>u.</span> <span class='ocrx_word' id='word_1_276' title='bbox 1237 2099 1260 2137; x_wconf 91' lang='lat'><strong>9</strong></span> <span class='ocrx_word' id='word_1_277' title='bbox 1299 2093 1409 2136; x_wconf 79' lang='grc' dir='ltr'><em>κατὰ</em></span> <span class='ocrx_word' id='word_1_278' title='bbox 1451 2093 1655 2148; x_wconf 76' lang='grc' dir='ltr'><em>σαλώμης</em></span> <span class='ocrx_word' id='word_1_279' title='bbox 1695 2093 1875 2147; x_wconf 66' lang='grc' dir='ltr'><em>ἐπιβου-</em></span> 
     </span>
     <span class='ocr_line' id='line_1_30' title="bbox 223 2161 1874 2224; baseline -0.007 -11"><span class='ocrx_word' id='word_1_280' title='bbox 223 2171 300 2221; x_wconf 73' lang='grc' dir='ltr'><em>λὰς</em></span> <span class='ocrx_word' id='word_1_281' title='bbox 324 2166 592 2224; x_wconf 75' lang='grc' dir='ltr'><em>ἆντίπατρος</em></span> <span class='ocrx_word' id='word_1_282' title='bbox 614 2164 857 2221; x_wconf 68' lang='grc' dir='ltr'><em>εὑρίσκεται</em></span> <span class='ocrx_word' id='word_1_283' title='bbox 880 2163 1131 2220; x_wconf 73' lang='grc' dir='ltr'><em>πεποιηκώς</em></span> <span class='ocrx_word' id='word_1_284' title='bbox 1152 2164 1280 2205; x_wconf 79' lang='lat' dir='ltr'>tradit</span> <span class='ocrx_word' id='word_1_285' title='bbox 1302 2177 1393 2205; x_wconf 90' lang='lat' dir='ltr'>cum</span> <span class='ocrx_word' id='word_1_286' title='bbox 1414 2162 1543 2214; x_wconf 88' lang='lat' dir='ltr'><strong>PAM,</strong></span> <span class='ocrx_word' id='word_1_287' title='bbox 1571 2161 1777 2204; x_wconf 83' lang='lat' dir='ltr'>consentit</span> <span class='ocrx_word' id='word_1_288' title='bbox 1797 2163 1874 2214; x_wconf 85' lang='lat' dir='ltr'>igi-</span> 
     </span>
     <span class='ocr_line' id='line_1_31' title="bbox 221 2230 1875 2282; baseline -0.007 0"><span class='ocrx_word' id='word_1_289' title='bbox 221 2245 287 2281; x_wconf 87' lang='lat' dir='ltr'>tur</span> <span class='ocrx_word' id='word_1_290' title='bbox 324 2240 411 2281; x_wconf 86' lang='lat' dir='ltr'>fere</span> <span class='ocrx_word' id='word_1_291' title='bbox 451 2252 544 2281; x_wconf 87' lang='lat' dir='ltr'>cum</span> <span class='ocrx_word' id='word_1_292' title='bbox 576 2241 809 2279; x_wconf 84' lang='lat' dir='ltr'>correctore</span> <span class='ocrx_word' id='word_1_293' title='bbox 840 2234 998 2276; x_wconf 88' lang='lat' dir='ltr'>codicis</span> <span class='ocrx_word' id='word_1_294' title='bbox 1029 2232 1240 2274; x_wconf 88' lang='lat' dir='ltr'>Vrbinatis</span> <span class='ocrx_word' id='word_1_295' title='bbox 1273 2232 1345 2282; x_wconf 69' lang='lat'>85;</span> <span class='ocrx_word' id='word_1_296' title='bbox 1385 2244 1425 2282; x_wconf 89' lang='lat' dir='ltr'>p.</span> <span class='ocrx_word' id='word_1_297' title='bbox 1458 2231 1550 2281; x_wconf 83' lang='lat'><strong>399,</strong></span> <span class='ocrx_word' id='word_1_298' title='bbox 1590 2231 1633 2268; x_wconf 85' lang='lat'>12</span> <span class='ocrx_word' id='word_1_299' title='bbox 1652 2242 1712 2282; x_wconf 87' lang='lat' dir='ltr'>sq.</span> <span class='ocrx_word' id='word_1_300' title='bbox 1744 2230 1875 2271; x_wconf 87' lang='lat' dir='ltr'>uerba</span> 
     </span>
     <span class='ocr_line' id='line_1_32' title="bbox 223 2295 1874 2358; baseline -0.006 -11"><span class='ocrx_word' id='word_1_301' title='bbox 223 2309 331 2354; x_wconf 73' lang='grc' dir='ltr'><em>τέως</em></span> <span class='ocrx_word' id='word_1_302' title='bbox 360 2328 412 2334; x_wconf 84' lang='grc'><em>-</em></span> <span class='ocrx_word' id='word_1_303' title='bbox 439 2302 722 2358; x_wconf 74' lang='grc' dir='ltr'><em>ποριζό,ιιενοι</em></span> <span class='ocrx_word' id='word_1_304' title='bbox 760 2303 912 2343; x_wconf 87' lang='lat' dir='ltr'>absunt</span> <span class='ocrx_word' id='word_1_305' title='bbox 950 2314 975 2342; x_wconf 87' lang='lat' dir='ltr'>a</span> <span class='ocrx_word' id='word_1_306' title='bbox 1015 2298 1371 2350; x_wconf 79' lang='lat' dir='ltr'>LVRCLatExc,</span> <span class='ocrx_word' id='word_1_307' title='bbox 1411 2295 1585 2338; x_wconf 81' lang='lat' dir='ltr'>exhibet</span> <span class='ocrx_word' id='word_1_308' title='bbox 1623 2296 1741 2338; x_wconf 82' lang='lat' dir='ltr'>Voss.</span> <span class='ocrx_word' id='word_1_309' title='bbox 1780 2309 1874 2338; x_wconf 90' lang='lat' dir='ltr'>cum</span> 
     </span>
     <span class='ocr_line' id='line_1_33' title="bbox 222 2360 1874 2426; baseline -0.007 -11"><span class='ocrx_word' id='word_1_310' title='bbox 222 2374 361 2426; x_wconf 85' lang='lat' dir='ltr'><strong>PAM,</strong></span> <span class='ocrx_word' id='word_1_311' title='bbox 404 2373 555 2415; x_wconf 67' lang='lat' dir='ltr'>omis-30</span> <span class='ocrx_word' id='word_1_312' title='bbox 595 2376 735 2412; x_wconf 79' lang='lat' dir='ltr'>tamen</span> <span class='ocrx_word' id='word_1_313' title='bbox 773 2370 859 2408; x_wconf 75' lang='grc' dir='ltr'>τῶν</span> <span class='ocrx_word' id='word_1_314' title='bbox 897 2365 1180 2422; x_wconf 40' lang='lat' dir='ltr'>{mnndi-„imm</span> <span class='ocrx_word' id='word_1_315' title='bbox 1217 2379 1255 2419; x_wconf 88' lang='lat' dir='ltr'>p.</span> <span class='ocrx_word' id='word_1_316' title='bbox 1289 2366 1382 2416; x_wconf 81' lang='lat'><strong>399,</strong></span> <span class='ocrx_word' id='word_1_317' title='bbox 1419 2365 1465 2404; x_wconf 80' lang='lat'>18</span> <span class='ocrx_word' id='word_1_318' title='bbox 1498 2364 1692 2417; x_wconf 75' lang='grc' dir='ltr'><em>σωτηρία</em></span> <span class='ocrx_word' id='word_1_319' title='bbox 1724 2360 1874 2410; x_wconf 69' lang='grc' dir='ltr'><em>ἐξόδου</em></span> 
     </span>
     <span class='ocr_line' id='line_1_34' title="bbox 222 2452 286 2473; baseline 0.031 -2"><span class='ocrx_word' id='word_1_320' title='bbox 222 2452 286 2473; x_wconf 55' lang='grc' dir='ltr'>Οῖὶῗ</span> 
     </span>
     <span class='ocr_line' id='line_1_35' title="bbox 221 2474 1873 2540; baseline -0.007 -14"><span class='ocrx_word' id='word_1_321' title='bbox 221 2487 297 2540; x_wconf 71' lang='grc' dir='ltr'><em>τῆς</em></span> <span class='ocrx_word' id='word_1_322' title='bbox 332 2480 408 2526; x_wconf 63' lang='grc' dir='ltr'>ὑπ)</span> <span class='ocrx_word' id='word_1_323' title='bbox 444 2483 717 2538; x_wconf 75' lang='grc' dir='ltr'><em>Αἰγυπτίοις</em></span> <span class='ocrx_word' id='word_1_324' title='bbox 746 2481 886 2535; x_wconf 87' lang='lat' dir='ltr'>tradit,</span> <span class='ocrx_word' id='word_1_325' title='bbox 919 2474 991 2521; x_wconf 76' lang='grc' dir='ltr'>ὅτε</span> <span class='ocrx_word' id='word_1_326' title='bbox 1020 2493 1046 2520; x_wconf 88' lang='lat' dir='ltr'>a</span> <span class='ocrx_word' id='word_1_327' title='bbox 1075 2481 1308 2521; x_wconf 88' lang='lat' dir='ltr'>correctore</span> <span class='ocrx_word' id='word_1_328' title='bbox 1340 2474 1656 2528; x_wconf 88' lang='lat' dir='ltr'>superadditum</span> <span class='ocrx_word' id='word_1_329' title='bbox 1688 2478 1751 2516; x_wconf 87' lang='lat' dir='ltr'>est</span> <span class='ocrx_word' id='word_1_330' title='bbox 1780 2487 1873 2515; x_wconf 92' lang='lat' dir='ltr'>cum</span> 
     </span>
     <span class='ocr_line' id='line_1_36' title="bbox 222 2540 1873 2606; baseline -0.008 -12"><span class='ocrx_word' id='word_1_331' title='bbox 222 2553 278 2605; x_wconf 78' lang='lat' dir='ltr'>C3</span> <span class='ocrx_word' id='word_1_332' title='bbox 310 2556 447 2606; x_wconf 72' lang='grc'>400,1</span> <span class='ocrx_word' id='word_1_333' title='bbox 484 2549 719 2592; x_wconf 77' lang='grc' dir='ltr'><em>ἐσκέδασαν</em></span> <span class='ocrx_word' id='word_1_334' title='bbox 751 2548 823 2590; x_wconf 88' lang='lat' dir='ltr'>dat</span> <span class='ocrx_word' id='word_1_335' title='bbox 854 2561 946 2590; x_wconf 90' lang='lat' dir='ltr'>cum</span> <span class='ocrx_word' id='word_1_336' title='bbox 968 2545 1174 2588; x_wconf 78' lang='lat' dir='ltr'>MLCExc</span> <span class='ocrx_word' id='word_1_337' title='bbox 1205 2549 1246 2586; x_wconf 90' lang='lat' dir='ltr'>et</span> <span class='ocrx_word' id='word_1_338' title='bbox 1275 2543 1463 2596; x_wconf 85' lang='lat' dir='ltr'>margine</span> <span class='ocrx_word' id='word_1_339' title='bbox 1485 2541 1570 2595; x_wconf 92' lang='lat' dir='ltr'><strong>PA,</strong></span> <span class='ocrx_word' id='word_1_340' title='bbox 1603 2540 1679 2583; x_wconf 88' lang='lat' dir='ltr'>sed</span> <span class='ocrx_word' id='word_1_341' title='bbox 1709 2541 1873 2583; x_wconf 89' lang='lat' dir='ltr'>litterae</span> 
     </span>
     <span class='ocr_line' id='line_1_37' title="bbox 222 2621 1872 2682; baseline -0.008 -7"><span class='ocrx_word' id='word_1_342' title='bbox 222 2621 531 2682; x_wconf 59' lang='grc' dir='ltr'>Ἤρ.</span> <span class='ocrx_word' id='word_1_343' title='bbox 557 2637 639 2672; x_wconf 93' lang='lat' dir='ltr'>XIV</span> <span class='ocrx_word' id='word_1_344' title='bbox 664 2648 740 2671; x_wconf 87' lang='lat' dir='ltr'>nro</span> <span class='ocrx_word' id='word_1_345' title='bbox 772 2639 820 2671; x_wconf 81' lang='lat'>12.</span> <span class='ocrx_word' id='word_1_346' title='bbox 942 2637 974 2676; x_wconf 79' lang='lat'>2)</span> <span class='ocrx_word' id='word_1_347' title='bbox 999 2634 1098 2668; x_wconf 87' lang='lat' dir='ltr'>uelut</span> <span class='ocrx_word' id='word_1_348' title='bbox 1121 2644 1155 2676; x_wconf 90' lang='lat' dir='ltr'>p.</span> <span class='ocrx_word' id='word_1_349' title='bbox 1176 2635 1229 2674; x_wconf 82' lang='lat'><strong>35,</strong></span> <span class='ocrx_word' id='word_1_350' title='bbox 1251 2634 1288 2665; x_wconf 77' lang='lat'>14</span> <span class='ocrx_word' id='word_1_351' title='bbox 1315 2634 1349 2664; x_wconf 87' lang='lat' dir='ltr'>et</span> <span class='ocrx_word' id='word_1_352' title='bbox 1374 2632 1450 2671; x_wconf 72' lang='grc'>465,</span> <span class='ocrx_word' id='word_1_353' title='bbox 1477 2631 1507 2663; x_wconf 79' lang='grc'>8.</span> <span class='ocrx_word' id='word_1_354' title='bbox 1549 2629 1703 2663; x_wconf 88' lang='lat' dir='ltr'>ceterum</span> <span class='ocrx_word' id='word_1_355' title='bbox 1726 2628 1872 2672; x_wconf 64' lang='lat' dir='ltr'>propi-is</span> 
     </span>
     <span class='ocr_line' id='line_1_38' title="bbox 223 2681 1874 2736; baseline -0.007 -7"><span class='ocrx_word' id='word_1_356' title='bbox 223 2696 393 2729; x_wconf 83' lang='lat' dir='ltr'>accede1e</span> <span class='ocrx_word' id='word_1_357' title='bbox 416 2695 559 2731; x_wconf 79' lang='lat' dir='ltr'>uidetur</span> <span class='ocrx_word' id='word_1_358' title='bbox 583 2694 627 2727; x_wconf 85' lang='lat' dir='ltr'>ad</span> <span class='ocrx_word' id='word_1_359' title='bbox 654 2694 687 2727; x_wconf 89' lang='lat' dir='ltr'><strong>R</strong></span> <span class='ocrx_word' id='word_1_360' title='bbox 712 2702 815 2736; x_wconf 83' lang='lat' dir='ltr'>quam</span> <span class='ocrx_word' id='word_1_361' title='bbox 839 2690 885 2724; x_wconf 88' lang='lat' dir='ltr'>ad</span> <span class='ocrx_word' id='word_1_362' title='bbox 908 2690 952 2730; x_wconf 91' lang='lat' dir='ltr'>V,</span> <span class='ocrx_word' id='word_1_363' title='bbox 978 2689 1078 2723; x_wconf 86' lang='lat' dir='ltr'>uelut</span> <span class='ocrx_word' id='word_1_364' title='bbox 1101 2700 1135 2732; x_wconf 87' lang='lat' dir='ltr'>p.</span> <span class='ocrx_word' id='word_1_365' title='bbox 1162 2690 1217 2728; x_wconf 78' lang='lat'><strong>49,</strong></span> <span class='ocrx_word' id='word_1_366' title='bbox 1244 2689 1262 2720; x_wconf 87' lang='grc'>6</span> <span class='ocrx_word' id='word_1_367' title='bbox 1286 2685 1429 2720; x_wconf 79' lang='lat' dir='ltr'>exhibet</span> <span class='ocrx_word' id='word_1_368' title='bbox 1452 2681 1668 2728; x_wconf 75' lang='grc' dir='ltr'><em>θεωρητεον</em></span> <span class='ocrx_word' id='word_1_369' title='bbox 1692 2687 1786 2718; x_wconf 78' lang='grc' dir='ltr'><em>εἰναι</em></span> <span class='ocrx_word' id='word_1_370' title='bbox 1811 2685 1874 2728; x_wconf 79' lang='grc' dir='ltr'><em>τῆς</em></span> 
     </span>
     <span class='ocr_line' id='line_1_39' title="bbox 224 2735 1873 2797; baseline -0.01 -10"><span class='ocrx_word' id='word_1_371' title='bbox 224 2765 425 2797; x_wconf 68' lang='grc' dir='ltr'><em>στοιιτειας</em></span> <span class='ocrx_word' id='word_1_372' title='bbox 450 2762 529 2785; x_wconf 86' lang='lat' dir='ltr'>cum</span> <span class='ocrx_word' id='word_1_373' title='bbox 547 2749 733 2791; x_wconf 76' lang='lat' dir='ltr'><strong>PAMLR3</strong></span> <span class='ocrx_word' id='word_1_374' title='bbox 760 2750 893 2789; x_wconf 78' lang='grc'>211,17</span> <span class='ocrx_word' id='word_1_375' title='bbox 921 2748 985 2791; x_wconf 82' lang='grc' dir='ltr'><em>τῆς</em></span> <span class='ocrx_word' id='word_1_376' title='bbox 1008 2742 1157 2784; x_wconf 81' lang='grc' dir='ltr'><em>πόλεως</em></span> <span class='ocrx_word' id='word_1_377' title='bbox 1173 2745 1252 2778; x_wconf 80' lang='grc' dir='ltr'>πᾶν</span> <span class='ocrx_word' id='word_1_378' title='bbox 1275 2751 1352 2776; x_wconf 89' lang='lat' dir='ltr'>cum</span> <span class='ocrx_word' id='word_1_379' title='bbox 1370 2740 1447 2782; x_wconf 66' lang='lat' dir='ltr'>RQ</span> <span class='ocrx_word' id='word_1_380' title='bbox 1475 2740 1610 2779; x_wconf 81' lang='lat'><strong>229,12</strong></span> <span class='ocrx_word' id='word_1_381' title='bbox 1634 2735 1739 2780; x_wconf 79' lang='grc' dir='ltr'><em>ὑμῶν</em></span> <span class='ocrx_word' id='word_1_382' title='bbox 1764 2749 1873 2771; x_wconf 79' lang='grc' dir='ltr'><em>ενεκα</em></span> 
     </span>
    </p>
   </div>
   <div class='ocr_carea' id='block_1_5' title="bbox 223 2789 1874 2908">
    <p class='ocr_par' dir='ltr' id='par_1_6' title="bbox 223 2789 1874 2908">
     <span class='ocr_line' id='line_1_40' title="bbox 223 2789 1874 2851; baseline -0.01 -9"><span class='ocrx_word' id='word_1_383' title='bbox 223 2805 399 2851; x_wconf 68' lang='grc' dir='ltr'><em>κιιτασᾳά</em></span> <span class='ocrx_word' id='word_1_384' title='bbox 404 2811 528 2849; x_wconf 60' lang='lat' dir='ltr'>§ozam</span> <span class='ocrx_word' id='word_1_385' title='bbox 561 2816 641 2840; x_wconf 84' lang='lat' dir='ltr'>cum</span> <span class='ocrx_word' id='word_1_386' title='bbox 670 2804 799 2846; x_wconf 86' lang='lat' dir='ltr'>isdem;</span> <span class='ocrx_word' id='word_1_387' title='bbox 834 2805 909 2842; x_wconf 76' lang='grc'>270,</span> <span class='ocrx_word' id='word_1_388' title='bbox 936 2804 976 2834; x_wconf 84' lang='grc'>20</span> <span class='ocrx_word' id='word_1_389' title='bbox 1001 2799 1291 2845; x_wconf 77' lang='grc' dir='ltr'><em>κατηκοντίζετο</em></span> <span class='ocrx_word' id='word_1_390' title='bbox 1325 2807 1404 2831; x_wconf 87' lang='lat' dir='ltr'>cum</span> <span class='ocrx_word' id='word_1_391' title='bbox 1430 2795 1477 2838; x_wconf 81' lang='lat' dir='ltr'>R;</span> <span class='ocrx_word' id='word_1_392' title='bbox 1514 2797 1589 2835; x_wconf 81' lang='lat'><strong>338,</strong></span> <span class='ocrx_word' id='word_1_393' title='bbox 1615 2794 1655 2826; x_wconf 86' lang='lat'>23</span> <span class='ocrx_word' id='word_1_394' title='bbox 1681 2790 1749 2833; x_wconf 84' lang='grc' dir='ltr'><em>τὰς</em></span> <span class='ocrx_word' id='word_1_395' title='bbox 1777 2789 1874 2837; x_wconf 78' lang='grc' dir='ltr'><em>πρὸς</em></span> 
     </span>
     <span class='ocr_line' id='line_1_41' title="bbox 224 2847 1874 2908; baseline -0.01 -10"><span class='ocrx_word' id='word_1_396' title='bbox 224 2857 403 2908; x_wconf 60' lang='grc' dir='ltr'><em>ἀλλήλοις</em></span> <span class='ocrx_word' id='word_1_397' title='bbox 434 2858 553 2907; x_wconf 62' lang='grc' dir='ltr'><em>φυγὰς</em></span> <span class='ocrx_word' id='word_1_398' title='bbox 586 2871 665 2894; x_wconf 86' lang='lat' dir='ltr'>cum</span> <span class='ocrx_word' id='word_1_399' title='bbox 694 2859 773 2901; x_wconf 85' lang='lat' dir='ltr'>RO3</span> <span class='ocrx_word' id='word_1_400' title='bbox 810 2858 961 2902; x_wconf 85' lang='lat' dir='ltr'>denique</span> <span class='ocrx_word' id='word_1_401' title='bbox 984 2868 1017 2901; x_wconf 85' lang='lat' dir='ltr'>p.</span> <span class='ocrx_word' id='word_1_402' title='bbox 1047 2859 1120 2897; x_wconf 84' lang='lat'><strong>100,</strong></span> <span class='ocrx_word' id='word_1_403' title='bbox 1149 2857 1187 2888; x_wconf 85' lang='lat'>18</span> <span class='ocrx_word' id='word_1_404' title='bbox 1219 2849 1385 2897; x_wconf 73' lang='grc' dir='ltr'><em>ἰωνάθην</em></span> <span class='ocrx_word' id='word_1_405' title='bbox 1410 2850 1520 2884; x_wconf 81' lang='lat' dir='ltr'>tradit</span> <span class='ocrx_word' id='word_1_406' title='bbox 1545 2847 1767 2884; x_wconf 83' lang='lat' dir='ltr'>consentiens</span> <span class='ocrx_word' id='word_1_407' title='bbox 1794 2857 1874 2881; x_wconf 86' lang='lat' dir='ltr'>cum</span> 
     </span>
    </p>
   </div>
   <div class='ocr_carea' id='block_1_6' title="bbox 222 2905 1538 2962">
    <p class='ocr_par' dir='ltr' id='par_1_7' title="bbox 222 2905 1538 2962">
     <span class='ocr_line' id='line_1_42' title="bbox 222 2905 1538 2962; baseline -0.01 -10"><span class='ocrx_word' id='word_1_408' title='bbox 222 2918 400 2962; x_wconf 83' lang='lat' dir='ltr'>Lipsiensi</span> <span class='ocrx_word' id='word_1_409' title='bbox 425 2918 583 2960; x_wconf 79' lang='lat' dir='ltr'>aliisque,</span> <span class='ocrx_word' id='word_1_410' title='bbox 608 2926 678 2950; x_wconf 87' lang='lat' dir='ltr'>non</span> <span class='ocrx_word' id='word_1_411' title='bbox 704 2909 982 2961; x_wconf 64' lang='grc' dir='ltr'><em>ἅριστόβουλον</em></span> <span class='ocrx_word' id='word_1_412' title='bbox 1007 2909 1183 2956; x_wconf 76' lang='grc' dir='ltr'>ιωιάθην,</span> <span class='ocrx_word' id='word_1_413' title='bbox 1208 2909 1301 2953; x_wconf 87' lang='lat' dir='ltr'>quod</span> <span class='ocrx_word' id='word_1_414' title='bbox 1326 2910 1378 2942; x_wconf 87' lang='lat' dir='ltr'>est</span> <span class='ocrx_word' id='word_1_415' title='bbox 1401 2907 1437 2940; x_wconf 92' lang='lat' dir='ltr'>in</span> <span class='ocrx_word' id='word_1_416' title='bbox 1461 2905 1538 2940; x_wconf 89' lang='lat' dir='ltr'>VR.</span> 
     </span>
    </p>
   </div>
  </div>
 </body>
</html>
