2018 3236
134 370 213 409 315

133 571 213 610 316

133 705 213 744 317

132 839 210 878 318

131 975 210 1014 319

133 1244 212 1284 320

132 1378 208 1417 321

134 1578 214 1617 322

244 124 324 159 316
625 121 691 155 DE
716 120 874 174 BELLO
898 119 993 155 IUD.
1018 120 1070 154 III
1094 123 1194 154 314—
1207 122 1271 155 322
1296 121 1356 161 (vn
1383 127 1433 154 32.
1458 124 1513 164 33)

245 232 515 314 περιστήσας
535 241 627 281 τοῖς
659 232 890 285 πολεμίοις
919 229 968 272 τὸ
1001 231 1079 284 μὲν
1110 234 1287 286 πρῶτον
1320 231 1392 274 ἐπὶ
1427 230 1572 282 δεξιὰς
1604 233 1892 287 προυκαλεῖτο

243 302 314 342 καὶ
370 298 593 349 σώζεσθαι
648 298 887 353 παρεκάλει
941 297 1331 352 διαβεβαιούμενος
1382 295 1630 353 ἀσφάλειαν
1674 297 1728 340 τά
1775 294 1893 341 όπλα

246 368 452 421 ῥίψασιν·
485 363 543 414 ῶς
567 361 610 406 δ)
638 362 713 406 οἰκ
735 364 930 416 ε’,πειθεν
953 364 1223 419 προσπεσών
1246 362 1498 408 ἀπέκτεινεν
1520 365 1703 417 πάντας,
1726 367 1894 418 χιλίους

245 432 495 482 ἑξακοσίους
534 431 607 474 ἐπὶ
649 436 823 487 μιρίοις
861 428 1012 481 όντας·
1053 431 1216 489 ἕβδόμῃ
1257 434 1327 475 καὶ
1369 432 1509 475 εἰκάδι
1538 436 1729 475 Δαισίου
1759 432 1894 490 μηνὸς

244 498 461 555 ετράχθη.
512 501 584 542 καὶ
614 515 842 548 τοιαυταις
871 515 949 552 μεν
981 508 1230 556 συμφοραῖς
1260 504 1531 554 Σαμαρεῖται
1562 498 1811 554 εχρήσαντο.

358 568 425 607 33.
461 567 558 608 Τῶν
589 562 630 607 δ’
666 561 748 608 dr&
779 565 834 607 τὰ
850 561 1102 608 Ἰωτάπατα
1132 566 1455 622 καρτερούντων
1485 568 1557 609 καὶ
1588 562 1698 620 παρ’
1735 565 1895 609 ἐλπίδα

243 642 335 683 τοῖς
375 632 535 682 δεινοῖς
574 628 840 686 ἀντεχόντων
878 636 1207 689 τεσσαρακοστῇ
1245 634 1323 687 μὲν
1362 631 1502 690 ἡμέρᾳ
1539 635 1611 676 καὶ
1647 632 1808 689 ἑβδόμῃ
1840 632 1894 675 τὰ

240 699 425 754 χώματα
454 702 540 742 τῶν
566 697 788 754 Ῥωμαίων
815 698 1045 759 ὑπερήρθη
1077 700 1126 743 τὸ
1157 709 1309 754 τεῖχος,
1348 696 1581 753 αὐτομολεῖ
1611 700 1659 742 δέ
1685 716 1753 750 τις
1782 699 1896 754 πρὸς

241 767 318 809 τὸν
348 763 687 810 Οὐεσπασιανὸν
708 769 784 822 τῆς
807 764 937 822 αὐτῆς
958 765 1120 824 ἡμέρας
1147 767 1224 824 τήν
1254 784 1300 810 τε
1332 763 1565 824 ὀλιγότητα
1594 769 1681 809 τῶν
1713 766 1788 810 ἐπὶ
1818 769 1895 822 τῆς

243 835 417 886 πόλεως
455 835 720 891 ἐξαγγέλλων
758 836 831 877 καὶ
861 834 938 892 τὴν
970 831 1228 887 ἀσθένειαν,
1267 837 1341 878 καὶ
1371 832 1430 884 ῶς
1461 830 1679 891 ἀγρυπνία
1711 834 1896 891 διηνεκεῖ

243 903 314 944 καὶ
353 902 514 956 μάχαις
554 901 817 957 επαλλήίοις
848 901 1202 958 δεδαπανημένοι
1233 902 1412 944 δυνατοὶ·
1440 902 1518 955 μὲν
1550 899 1634 944 εἶεν
1665 896 1765 943 οὔδε
1794 905 1894 956 βια-

243 969 480 1023 ζομένους
468 970 532 1012 ε’τι
563 972 724 1026 φέρειν,
755 970 827 1010 καὶ
860 968 975 1025 δόλῳ
1008 965 1048 1010 δ’
1085 963 1137 1011 ἂν
1168 967 1327 1021 ἇλοῖεν,
1360 969 1402 1011 εί
1428 985 1496 1019 τις
1526 968 1759 1012 επιθοῖτο
1789 970 1894 1024 περὶ

241 1036 324 1092 γαρ
355 1036 433 1094 τὴν
465 1036 648 1093 εσχάτην
679 1036 896 1092 φυλακην,
937 1032 1044 1078 καθ
1080 1053 1132 1092 ην
1163 1033 1310 1078 άνεσίν
1340 1053 1387 1079 τε
1417 1039 1503 1078 τῶν
1535 1037 1688 1079 δεινῶν
1719 1035 1894 1078 εδόκουν

244 1104 353 1157 ἔχειν
374 1105 445 1146 καὶ
477 1104 762 1146 καθάπτεται
791 1103 984 1157 μάλιστα
1013 1107 1329 1157 κεκοπωμένων
1360 1103 1550 1153 ἑωθινὸς
1580 1098 1729 1153 ἱῗπνος,
1760 1120 1894 1145 κατα-

244 1171 486 1226 δαρθάνειν
508 1171 695 1229 ἔφασκεν
719 1170 819 1221 τοὺς
851 1171 1047 1227 φύλακας
1079 1171 1385 1225 συνεβούλευέν
1408 1187 1456 1213 τε
1486 1170 1595 1212 κατὰ
1627 1170 1786 1226 ταύτην
1816 1168 1894 1224 τὴν

244 1237 361 1292 ὥραν
401 1237 623 1281 ἐπελθεῖν.
682 1241 743 1294 τῷ
785 1234 825 1280 δ’
867 1228 918 1295 ἧν
957 1238 1035 1291 μὲν
1076 1234 1136 1280 δι>
1183 1235 1394 1288 ὑπονοίας
1434 1235 1456 1280 ὃ
1494 1234 1737 1292 αὐτόμολος
1766 1235 1814 1279 τό
1846 1253 1894 1279 τε

244 1305 357 1361 πρὸς
403 1302 615 1363 ἀλλήλους
659 1304 820 1347 πιστὸν
865 1305 1002 1348 εἰδότι
1046 1307 1133 1347 τῶν
1167 1301 1389 1349 Ἰουδαίων
1432 1307 1505 1348 καὶ
1547 1304 1626 1361 τὴν
1664 1303 1777 1360 πρὸς
1815 1303 1895 1354 τὰς

243 1373 444 1422 κολάσεις
483 1371 756 1428 ὑπεροψίαν,
797 1372 949 1429 ἐπειδὴ
989 1374 1061 1415 καὶ
1101 1372 1316 1428 πρότερον
1355 1374 1547 1430 ληφθείς
1583 1388 1650 1422 τις
1683 1374 1770 1414 τῶν
1803 1367 1893 1413 ἇπό

243 1442 320 1497 τῆς
345 1436 616 1497 Ἰωταπάτης
655 1439 768 1495 πρὸς
807 1442 958 1482 πᾶσαν
997 1440 1143 1482 αἰκίαν
1180 1440 1386 1494 βασάνων
1427 1436 1627 1493 ἀντέσχεν
1656 1441 1729 1481 καὶ
1758 1438 1893 1495 μηδὲν

245 1508 318 1549 διὰ
359 1506 499 1561 πυρὸς
540 1506 794 1562 ἐξερευνῶσι
831 1517 924 1558 τοῖς
960 1509 1193 1560 πολεμίοις
1222 1509 1326 1563 περὶ
1357 1509 1442 1549 τῶν
1474 1507 1594 1550 ἔνδον
1627 1505 1764 1548 εἰπῶν
1797 1502 1894 1548 ἆνε-

246 1574 483 1632 σταυρώθη
528 1576 605 1616 τοῦ
650 1573 850 1616 θανάτου
888 1575 1203 1629 καταμειδιῶν·
1248 1574 1302 1616 τά
1340 1591 1388 1630 γε
1424 1574 1527 1629 μὴν
1549 1574 1696 1616 εἰκότα
1732 1572 1893 1616 πιστὸν

244 1641 390 1684 ἐποίει
427 1642 503 1684 τὸν
541 1637 784 1697 προδότην,
826 1643 898 1683 καὶ
936 1641 1045 1694 τάχα
1084 1642 1161 1695 μὲν
1194 1637 1429 1697 ἀληθεύειν
1461 1641 1642 1693 ἐκεῖνον,
1682 1640 1815 1697 μηδὲν
1847 1635 1887 1681 δ’

355 1752 585 1788 PAMLVRO
597 1751 895 1795 LatHegesippus
928 1752 981 1785 111
1016 1755 1054 1786 15
1086 1763 1121 1796 p.
1157 1756 1219 1787 194
1243 1753 1371 1787 Suidas
1404 1763 1431 1786 S.
1462 1749 1693 1799 ὑπεροψίαν,
1725 1747 1892 1797 α’ντέσχε,

239 1812 500 1854 καταμειδιῶν.

360 1870 371 1899 1
401 1869 477 1901 τῶν
502 1868 594 1901 πολε
597 1866 704 1908 ιιίων,
729 1864 751 1898 i.
778 1873 885 1906 marg.
910 1876 957 1909 γρ
982 1869 1066 1898 τοῖσ
1090 1865 1291 1907 πολεμίοισ
1314 1874 1358 1897 m.
1386 1866 1405 1896 2
1429 1863 1462 1898 V
1592 1865 1747 1910 πρῶτον
1770 1863 1803 1898 V

242 1920 303 1958 ἐπὶ
339 1918 470 1964 δεξιὰς]
507 1933 529 1955 α
565 1921 715 1955 dextera
750 1923 858 1964 parte
886 1919 956 1953 Lat
1092 1921 1111 1951 3
1148 1918 1186 1954 δὲ
1217 1918 1282 1952 VR
1416 1919 1559 1963 χιλίους
1588 1938 1631 1943 -
1661 1922 1682 1952 4
1720 1916 1833 1960 ὄντας
1869 1919 1891 1953 i.

242 1988 349 2021 marg
376 1977 492 2021 suppl.
517 1976 546 2009 L
684 1978 705 2008 4
728 1976 899 2019 μυρίοισ
929 1988 964 2010 οι
989 1985 1032 2008 ex
1057 1987 1102 2010 ov
1128 1985 1217 2009 corr.
1242 1974 1272 2006 L
1297 1975 1458 2020 μυριόυσ
1483 1974 1508 2007 C
1645 1975 1771 2010 δεσίου
1794 1978 1825 2013 (ε
1850 1985 1893 2009 ex

243 2047 281 2068 αι
314 2042 404 2067 corr.
429 2032 471 2073 P)
496 2031 631 2067 PMVR
655 2032 795 2067 δεισίου
820 2031 846 2065 C
940 2031 1066 2066 δεσίου
1094 2028 1216 2076 μηνὸσ
1248 2024 1388 2075 ἑβδόμη
1412 2031 1474 2064 καὶ
1500 2026 1615 2065 εἰκάδι
1638 2032 1682 2064 tr.
1708 2029 1803 2064 VRC

243 2086 387 2135 ἑβδόμῃ
415 2091 478 2124 καὶ
508 2088 647 2122 delebat
671 2086 872 2121 Toinardus
1009 2087 1130 2121 Daesii
1155 2088 1207 2120 27.
1234 2086 1307 2121 dies
1332 2090 1385 2120 est
1411 2090 1462 2120 15.
1487 2085 1568 2119 Iulii
1593 2085 1651 2125 (id.
1676 2086 1757 2127 Iul.)

243 2150 262 2179 5
293 2142 466 2191 ἐπράχθη
490 2144 637 2178 seclusit
660 2143 803 2177 Bekker
894 2146 913 2175 b*
938 2142 961 2176 i.
986 2152 1091 2186 marg.
1117 2139 1153 2177 θ’
1178 2143 1211 2176 V
1302 2141 1340 2177 δὲ
1364 2141 1458 2176 VRC
1551 2138 1748 2177 ἰωταπάτα
1771 2142 1801 2175 L

243 2198 594 2247 διακαρτερούντων
617 2198 751 2233 MVRC
844 2194 904 2239 τὰ]
921 2217 928 2223 -
949 2217 958 2222 -
986 2199 1018 2230 A
1111 2201 1128 2231 7
1161 2200 1223 2233 καὶ
1248 2195 1401 2243 ἑβδόμῃ]
1428 2208 1495 2232 om.
1520 2197 1549 2230 L
1577 2201 1704 2231 octauo
1728 2197 1804 2240 Heg

244 2260 263 2292 S
296 2260 373 2292 τῶν
405 2268 473 2291 om.
507 2255 641 2290 PAML
672 2255 847 2298 probante
880 2254 1076 2288 Destinone
1205 2250 1402 2297 Ῥωμαίοις
1426 2253 1599 2288 Destinon
1735 2255 1791 2288 τεῦ
1821 2254 1893 2289 τεί-

241 2327 299 2359 χει
317 2314 343 2348 Ο
438 2316 478 2347 10
503 2311 712 2358 ἐξαγγέλων
728 2312 760 2343 Α
785 2309 992 2356 ἐξαγγέλλω
1011 2310 1053 2344 G¹
1145 2312 1185 2343 12
1210 2306 1350 2350 ἁλοῖεν]
1376 2308 1530 2343 Dindorf
1552 2304 1674 2345 ἁλῶεν
1697 2308 1892 2343 PAMLRC

244 2372 280 2403 et
303 2370 324 2403 i.
350 2378 458 2412 marg.
484 2369 517 2403 V
542 2365 682 2405 ἁλῶσιν
705 2367 738 2401 V
851 2364 1026 2401 ἐπίθοιτο
1052 2365 1091 2399 Μ
1114 2368 1150 2400 et
1174 2375 1217 2399 ex
1242 2375 1331 2399 corr.
1357 2365 1390 2399 A
1414 2363 1605 2406 ἐπιθοῖτο,
1631 2380 1642 2400 ι
1666 2374 1709 2398 ex
1733 2377 1764 2400 ει
1789 2374 1893 2407 corr„

243 2427 271 2459 θ
294 2425 317 2458 i.
343 2435 414 2459 ras.
438 2435 483 2459 m.
511 2428 529 2458 2
554 2425 584 2458 L
725 2424 765 2457 13
790 2418 864 2467 γὰρ
889 2431 956 2456 om.
982 2420 1076 2455 VRG
1213 2417 1353 2461 ἄνεσίν]
1378 2416 1526 2456 άναισίν
1552 2420 1577 2453 C
1717 2423 1759 2454 14
1780 2434 1893 2456 κατα-

244 2479 368 2526 δαρθά
384 2493 490 2522 -νειν,
515 2490 605 2514 eras.
632 2494 643 2514 ι
668 2479 698 2512 L
722 2480 785 2514 καὶ
808 2474 1112 2523 καταδαρθάνειν
1136 2476 1162 2510 C
1285 2479 1323 2510 15
1351 2473 1617 2522 συνεβούλευέν
1641 2479 1693 2517 τε]
1720 2473 1895 2522 συνεβού-

244 2536 373 2572 λευσεν
397 2550 437 2572 τε
461 2537 506 2570 L¹
534 2532 777 2581 συνεβούλευέ
801 2546 842 2569 τε
865 2533 912 2567 L²
937 2530 1242 2578 συνεβούλευέται
1268 2532 1294 2566 C
1383 2527 1473 2567 κατ’
1499 2528 1612 2577 αὐτὴν
1635 2532 1702 2567 VR
1724 2534 1788 2568 καὶ
1811 2530 1895 2568 ταὺ-

244 2606 310 2638 την
335 2592 361 2626 C
393 2592 515 2626 eadem
538 2591 609 2625 Lat
747 2593 786 2624 16
818 2589 855 2625 δὲ
879 2588 973 2624 VRC
1109 2588 1177 2632 μὲν
1201 2598 1268 2622 om.
1294 2588 1323 2621 L
1460 2584 1506 2623 τό
1533 2608 1571 2611 -
1601 2591 1640 2622 18
1663 2586 1893 2635 ὑπεροψίαν]

244 2648 353 2681 habet
377 2647 504 2683 Suidas
528 2659 556 2682 s.
584 2645 800 2693 {‘7[8901pl0cv
936 2657 976 2680 τε
1001 2654 1067 2678 om.
1093 2641 1181 2676 Suid
1320 2646 1358 2676 17
1383 2645 1446 2678 καὶ
1471 2664 1513 2667 —
1540 2646 1580 2677 19
1606 2639 1763 2689 ἀντέσχε
1785 2644 1894 2678 habet

244 2703 370 2738 Suidas
395 2713 424 2737 s.
450 2698 607 2748 άντέσχε
746 2704 785 2735 18
811 2703 888 2736 τῶν
911 2721 953 2725 —-
981 2703 1021 2734 19
1046 2695 1280 2743 Ἰωταπάτης]
1305 2693 1382 2734 α’πό
1409 2701 1486 2734 τῶν
1508 2694 1694 2735 Ἰουδαίων
1718 2699 1804 2734 Suid

246 2763 286 2794 19
310 2759 422 2805 μηδεν
438 2779 480 2785 —
499 2762 537 2793 21
557 2759 806 2802 καταμειδιῶν
830 2758 953 2791 extant
975 2755 1071 2799 apud
1088 2754 1229 2789 Suidam
1246 2765 1274 2788 s.
1292 2757 1542 2798 καταμειδιῶν
1611 2758 1652 2789 20
1678 2751 1734 2791 διὰ
1760 2751 1892 2800 πυρὸς]

243 2813 437 2859 διαπύρωσ
460 2825 503 2849 ex
528 2825 619 2849 corr.
646 2817 675 2847 A
814 2815 852 2846 21
880 2809 938 2853 τά]
964 2809 1009 2847 τό
1035 2811 1080 2844 L¹
1214 2810 1341 2846 εἰκότα
1367 2810 1503 2846 πιστὸν
1525 2811 1547 2845 i.
1574 2820 1641 2845 ras.
1672 2813 1800 2845 10—12
1824 2810 1891 2844 litt.

242 2882 288 2905 m
317 2873 336 2904 2
360 2874 463 2913 (eras.
489 2871 560 2905 uid.
587 2867 721 2906 πιστὸν
746 2865 876 2904 εικότ·
895 2856 928 2909 (ῗ)
952 2867 982 2901 L
1075 2868 1116 2900 22
1140 2864 1250 2912 ἐποίη
1275 2868 1307 2901 Α
1399 2866 1437 2902 δὲ
1459 2865 1554 2901 VRC

1927 852 1963 885 10

1928 1188 1962 1220 15

1924 1523 1962 1556 20
