2018 3236
119 850 200 889 205

121 1053 200 1092 206

115 1455 196 1495 208

115 1591 196 1629 209

113 1725 194 1764 210

113 1860 190 1898 211

241 133 320 169 302
614 131 680 165 DE
706 130 864 177 BELLO
890 130 985 165 IUD.
1012 130 1062 163 III
1088 132 1262 166 202-211
1289 132 1349 172 (vn
1378 133 1518 174 16—18)

239 243 450 286 κοινωνὸν
484 245 615 296 σφίσι
646 246 725 296 τῆς
755 241 887 297 τύχης
917 247 1063 294 μένειν
1096 243 1304 291 ἱκέτευον,
1339 239 1387 284 οὗ
1420 242 1581 298 φθόνῳ
1611 245 1687 300 τῆς
1718 243 1885 286 ἐκείνου

239 313 472 363 σωτηρίας,
499 308 650 361 ἔμοιγε
675 309 835 359 δοκεῖν,
869 306 966 350 ἀλλ’
992 310 1140 352 ἐλπίδι
1161 314 1241 365 τῆς
1262 309 1450 352 ἑαυτῶν·
1483 305 1610 352 οῧδὲν
1632 310 1713 364 γάρ
1737 307 1885 365 ἠξίουν

236 379 486 418 πείσεσθαι
519 375 663 417 δεινὸν
689 370 900 432 Ἰωσήπου
931 381 1155 429 μένοντος.

352 446 414 484 17.
441 439 487 484 Ὁ
511 442 558 484 δὲ
581 446 842 498 πειθομένῳ
874 444 954 495 μὲν
986 444 1209 499 ἱκετηρίαν
1240 447 1376 484 ταῦτα
1407 447 1607 496 νομίσας,
1637 445 1884 499 βιαζομένῳ

235 511 281 551 δὲ
323 508 543 565 φρουράν,
584 509 695 550 πολὺ
738 508 782 551 δ’
824 506 957 552 αὐτοῦ
998 516 1077 567 τῆς
1108 510 1174 561 εἷς
1203 510 1281 565 τὴν
1313 508 1557 564 ἀπόλειψιν
1590 508 1726 567 ὁρμῆς
1757 513 1830 553 καὶ
1863 510 1884 553 ὅ
1915 523 1933 553 5

233 581 318 617 τῶν
354 575 634 631 ὀδυρομένων
667 576 850 620 ἔκλασεν
883 576 1051 629 οἶκτος,
1090 582 1238 631 μένειν
1269 594 1314 619 τε
1348 577 1480 630 ἔγνω,
1523 579 1596 620 καὶ
1625 578 1704 633 τὴν
1736 578 1884 634 κοινὴν

231 649 308 700 τῆς
330 642 504 692 πόλεως
525 639 780 696 ἀπόγνωσιν
803 642 1118 697 ὁπλισάμενος,
1149 649 1251 696 ,,νῦν
1281 644 1447 696 καιρός,
1480 644 1631 696 εἰπών,
1663 644 1885 700 ἄρχεσθαι

231 711 384 766 μάχης,
419 708 486 752 ὅτ’
512 710 639 759 ἐλπὶς
664 709 740 752 οὐκ
772 710 866 753 ἔστι
898 716 1142 767 σωτηρίας·
1173 711 1305 754 καλὸν
1338 708 1538 754 εὔκλειαν
1570 711 1883 755 ἀντικαταλλα-

232 778 419 830 ξάμενον
457 783 534 819 τοῦ
565 782 664 831 βίου
695 781 766 820 καὶ
800 779 1023 832 δράσαντά
1053 796 1096 821 τι
1126 787 1327 833 γενναῖον
1360 778 1424 828 εἰς
1455 778 1629 834 μνήμην
1661 775 1883 834 ὀψιγενῶν

232 849 429 898 πεσεῖνίζ,
471 843 546 888 ἐπ’
589 846 693 899 ἔργα
728 851 949 900 τρέπεται.
1003 845 1076 888 καὶ
1106 845 1343 899 προελθών
1373 846 1484 897 μετὰ
1514 851 1600 887 τιῦν
1630 846 1884 900 μαχιμωτό-
1916 857 1952 890 10

227 930 314 954 των
356 914 583 956 διεσκίδνα
619 931 666 955 τε
697 913 801 963 τοὺς
832 913 1055 970 φρουροὺς
1086 915 1160 954 καὶ
1192 918 1319 966 μέχρι
1349 919 1426 956 τοῦ
1458 915 1764 969 στρατοπέδου
1795 920 1881 955 τῶν

226 977 447 1033 Ῥωμαίων
480 986 758 1034 κατέτρεχεν,
801 982 875 1022 καὶ
905 981 984 1030 τὰς
1014 981 1093 1033 μὲν
1126 981 1200 1022 ἐπὶ
1230 985 1315 1022 τῶν
1343 982 1559 1034 χωμάτων
1592 983 1779 1035 δέρρεις,
1812 980 1883 1031 αἶς

232 1045 528 1102 ὑπεσκήνουν,
570 1049 756 1097 διέσπα,
795 1056 890 1097 τοῖς
934 1049 980 1090 δὲ
1023 1048 1169 1102 ἔργοις
1206 1048 1437 1102 ἐνέβαλλεν
1469 1054 1571 1102 πῦρ.
1621 1053 1672 1104 τῇ
1702 1065 1750 1091 τε
1783 1048 1883 1104 ἑξῆς

230 1112 396 1167 ὁμοίως
435 1116 509 1156 καὶ
540 1119 591 1170 τῇ
622 1109 745 1170 τρίτῃ
779 1116 853 1156 καὶ
886 1115 961 1157 ἐπὶ
994 1115 1154 1167 συχνὰς
1185 1112 1352 1172 ἡμέρας
1382 1117 1457 1157 καὶ
1488 1115 1646 1165 νύκτας
1677 1117 1882 1168 πολεμῶν

230 1178 307 1223 οὐκ
338 1181 537 1234 ἔκαμνεν.
1913 1192 1949 1224 15

344 1252 408 1292 18.
436 1247 776 1298 Οὐεσπασιανὸς
798 1250 844 1291 δὲ
867 1254 953 1291 τιῦν
976 1247 1052 1305 [τε]
1066 1247 1284 1303 Ῥωμαίων
1307 1254 1588 1302 κακουμένων
1609 1258 1707 1300 ταῖς
1727 1249 1883 1303 ἐκδρο-

230 1325 355 1369 μαῖς,
402 1319 658 1369 τρέπεσθαί
702 1332 748 1357 τε
791 1316 873 1370 γὰρ
915 1314 1004 1358 ὕπὸ
1030 1312 1252 1359 Ἰουδαίων
1290 1313 1474 1371 ᾐδοῦντο
1515 1319 1586 1359 καὶ
1626 1320 1880 1370 τραπέντων

229 1383 486 1426 ἐπιδιώκειν
526 1383 658 1438 βάρει
695 1388 782 1424 τιῦν
823 1382 972 1425 ὅπλων
1004 1378 1115 1438 ἦσαν
1145 1384 1350 1438 βραδεῖς,
1393 1385 1440 1426 οἵ
1466 1401 1512 1427 τε
1541 1383 1746 1426 Ἰουδαῖοι
1776 1389 1880 1437 πρίν

228 1468 271 1492 τι
312 1455 480 1493 παθεῖν
519 1449 589 1492 ἀεὶ
623 1451 813 1505 δρῶντες
845 1450 1089 1506 ἀνέφευγον
1122 1451 1186 1501 εἰς
1216 1451 1295 1506 τὴν
1326 1451 1479 1501 πόλιν,
1520 1459 1614 1501 τοῖς
1643 1453 1720 1504 μὲν
1754 1449 1880 1493 ὁπλί-

228 1535 327 1567 ταις
367 1517 445 1567 τάς
487 1516 626 1570 ὁρμὰς
659 1517 799 1559 αὐτῶν
832 1517 1047 1560 ἐκκλίνειν
1079 1518 1308 1560 ἐκέλευσεν
1340 1520 1412 1561 καὶ
1444 1518 1501 1573 μὴ
1537 1521 1879 1571 συμπλέκεσθαι
1909 1530 1946 1563 ’20

227 1589 481 1627 θανατῶσιν
505 1584 791 1637 ἀνθρώποις·
825 1584 952 1627 οὐδὲν
978 1583 1059 1639 γάρ
1091 1584 1391 1639 ἀλκιμώτερον
1424 1583 1538 1628 εἶναι
1569 1591 1647 1641 τῆς
1678 1585 1880 1640 ἀπογνω-

227 1669 361 1704 σεως,
403 1656 785 1705 περισβέννυσθαι
825 1652 871 1693 δὲ
905 1650 1044 1693 αὐτῶν
1075 1651 1153 1701 τὰς
1186 1650 1325 1705 ὁρμὰς
1357 1654 1536 1694 σκοπῶν
1568 1651 1879 1707 ἀπορουμένας

227 1718 379 1773 ὥσπερ
411 1714 516 1774 ὅλης
545 1719 594 1759 τὸ
627 1723 737 1773 πῦρ·
769 1718 1012 1771 προσήκειν
1043 1734 1090 1772 γε
1122 1718 1208 1773 μὴν
1240 1720 1313 1760 καὶ
1331 1715 1559 1772 Ῥωμαίοις
1589 1720 1701 1772 μετὰ
1732 1718 1877 1775 ἄσφα-

224 1788 346 1836 λείας
368 1788 443 1828 καὶ
463 1785 510 1828 τὸ
534 1789 671 1834 νικᾶν,
706 1783 765 1835 (ὃς
787 1782 838 1826 ἂν
865 1783 942 1825 οὐκ
976 1785 1024 1837 ἐξ
1053 1780 1247 1840 ἀνάγκης
1277 1787 1562 1839 πολεμοῦσιν,
1595 1786 1704 1827 ἀλλὰ
1735 1802 1876 1839 προσ-

227 1857 482 1905 κτωμένοις.
551 1861 646 1902 τοῑς
692 1853 738 1894 δὲ
784 1856 867 1892 τῶν
908 1848 1112 1905 >Αράβων
1156 1853 1359 1904 τοξόταις
1403 1854 1477 1895 καὶ
1522 1861 1616 1902 τοῖς
1661 1851 1751 1896 ἀπὸ
1797 1858 1874 1909 τῆς
1905 1866 1941 1898 25

333 1997 771 2033 PAMLVRCLatSuidas
796 2008 823 2031 s.
848 2000 1030 2033 θανατᾶν.

334 2058 353 2088 2
377 2054 507 2101 ε’μοίγε
523 2055 556 2088 Α
580 2054 665 2098 ἐμοί
689 2066 729 2089 τε
754 2052 820 2087 VR
889 2055 993 2088 δοκεῖ
1014 2052 1147 2087 PAML
1218 2050 1341 2089 αὐτῶν
1366 2052 1458 2088 VRC
1530 2055 1547 2086 3
1574 2051 1761 2098 πήσεσθαι
1784 2053 1816 2088 R
1841 2058 1876 2088 et

219 2113 261 2145 ut
284 2111 356 2146 uid.
374 2112 423 2146 V¹
493 2114 511 2145 5
537 2111 575 2146 δὲ
591 2110 658 2144 VR
726 2105 842 2145 αὐτὸν
859 2109 889 2143 L
960 2111 1035 2154 τῆς]
1062 2106 1127 2153 τὴν
1143 2108 1209 2143 VR
1277 2106 1470 2155 ἀπόληψιν
1485 2108 1532 2142 L¹
1603 2105 1723 2154 ὁρμὴν
1742 2109 1807 2144 VR

223 2172 242 2202 6
273 2166 524 2212 ὀδυρομένων]
552 2163 721 2213 ὃδυρωμέ
741 2167 746 2209 Ι
768 2165 798 2199 V
883 2162 1051 2206 ἔκλασεν]
1080 2162 1257 2201 ἐκάλεσεν
1282 2165 1324 2199 C¹
1407 2164 1507 2209 μένει
1535 2164 1583 2199 R¹
1668 2169 1685 2198 7
1711 2166 1788 2207 νῦν]
1811 2167 1874 2201 καὶ

222 2227 286 2260 νῦν
311 2225 347 2257 Μ
374 2226 409 2258 et
431 2224 514 2258 fort.
541 2223 611 2257 Lat
634 2224 726 2268 γοῦν
750 2221 844 2255 PAL
938 2224 957 2256 8
984 2215 1049 2257 ὅτε
1073 2220 1199 2256 LVRC
1302 2217 1407 2257 ἔσται
1432 2225 1483 2261 (αι
1507 2221 1531 2254 i.
1556 2230 1625 2255 ras.
1652 2222 1697 2261 A)
1721 2221 1782 2255 PA

218 2280 351 2321 καλὸν]
370 2280 515 2314 seclusit
532 2279 675 2314 Bekker
690 2275 810 2313 καλόν
830 2291 870 2314 τε
888 2278 1058 2313 Cardwell
1084 2287 1127 2311 ex
1142 2276 1221 2317 Lat,
1247 2276 1284 2310 in
1309 2288 1377 2320 quo
1403 2279 1456 2311 est
1473 2276 1739 2322 pulchrumque
1762 2278 1872 2312 uitam

213 2337 358 2381 pacisce·
376 2347 447 2381 pro
472 2336 579 2370 laude
665 2329 995 2378 α’νταλλάξαμενον
1015 2333 1111 2367 VRC
1197 2336 1216 2367 9
1242 2346 1276 2368 τι
1300 2342 1343 2366 ex
1368 2346 1407 2369 τε
1434 2344 1525 2367 corr.
1550 2333 1583 2367 V
1669 2329 1871 2379 ὀψιγενῶν]

221 2387 418 2437 ὀψιγόνων
442 2391 577 2426 MVRC
708 2393 847 2430 πεσεῖν]
877 2400 921 2424 ex
946 2399 1037 2424 corr.
1061 2390 1093 2423 A
1118 2388 1324 2424 occumbere
1347 2388 1416 2422 Lat
1440 2391 1568 2424 παισὶν
1591 2389 1700 2423 PA¹L
1726 2390 1871 2425 παίδων

217 2442 343 2484 οῧτωσ
368 2443 549 2484 ἀπελθεῖν
566 2447 604 2480 Μ
629 2447 774 2482 παίδων
790 2445 884 2481 VRC
958 2448 997 2480 10
1022 2441 1250 2490 προσελθὼν
1268 2445 1333 2479 VR
1404 2447 1442 2478 11
1468 2443 1602 2489 μέχρισ
1626 2446 1666 2478 ut
1682 2445 1752 2479 uid.
1770 2445 1804 2478 A

220 2507 256 2538 13
284 2503 463 2551 ἐνέβαλεν
483 2506 516 2538 Α
540 2502 695 2550 ἐνέβαλε
718 2503 779 2536 VC
888 2505 939 2542 τε]
964 2497 1006 2537 θ’
1034 2501 1059 2535 C
1171 2504 1209 2535 15
1235 2498 1405 2545 ἔκαμνεν,
1432 2514 1454 2535 α
1480 2510 1523 2534 ex
1548 2510 1637 2534 corr.
1663 2499 1696 2534 A
1720 2513 1741 2534 ν
1763 2499 1869 2535 finale

215 2561 334 2604 suppl.
360 2572 406 2595 m.
434 2563 452 2594 2
477 2560 507 2594 L
594 2562 633 2594 16
658 2572 699 2595 τε
723 2569 766 2593 ex
790 2558 860 2592 Lat
885 2562 919 2591 et
945 2558 1021 2593 cod.
1048 2557 1152 2592 Voss.
1178 2568 1245 2592 om.
1270 2556 1419 2590 Hudson
1498 2555 1753 2599 κακουμένων]
1778 2555 1870 2590 male

214 2616 369 2660 affectos
385 2617 564 2661 aspiciens
581 2616 650 2650 Lat
712 2618 750 2648 17
771 2614 991 2659 τρέπεσθαι,
1016 2626 1034 2649 ε
1051 2617 1133 2648 ante
1151 2626 1172 2649 σ
1189 2613 1211 2647 i.
1229 2622 1298 2647 ras.
1317 2611 1449 2646 maiore
1465 2622 1510 2646 m.
1530 2614 1549 2645 2
1566 2612 1600 2645 A
1661 2614 1714 2651 τε]
1732 2610 1866 2646 MVRC

215 2705 286 2738 Lat
302 2705 370 2749 μὲν
382 2705 475 2739 ΡΑΙι
551 2707 591 2739 20
609 2685 779 2741 ἐκέλέσεν
794 2705 828 2737 A
919 2700 967 2747 μὴ
981 2723 1024 2728 -
1038 2706 1077 2738 21
1098 2700 1351 2749 ἀπογνώσεως
1367 2701 1474 2734 habet
1491 2699 1575 2735 Suid
1591 2709 1618 2734 S.
1638 2702 1810 2735 θανατᾶν

214 2763 257 2795 21
275 2779 282 2785 ·
302 2779 313 2785 -
328 2762 546 2796 θανατῶσιν
561 2761 592 2795 V
662 2757 756 2796 εἶναι
772 2761 835 2804 τῆς
851 2769 919 2794 0111.
939 2759 1025 2793 Suid
1095 2761 1136 2793 22
1154 2759 1192 2795 δὲ
1209 2769 1275 2793 0111.
1295 2758 1321 2792 C
1383 2754 1518 2797 αὐτῶν]
1537 2751 1652 2791 αὖτῶι
1669 2756 1715 2789 L²
1733 2753 1865 2793 αὐτοῖσ

214 2816 349 2850 MVRC
375 2816 516 2850 illorum
542 2816 610 2849 Lat
736 2818 776 2850 23
801 2811 886 2858 μετ’
911 2815 974 2849 AL
1100 2817 1143 2849 24
1169 2810 1237 2850 οὐκ
1260 2824 1325 2848 om.
1349 2812 1416 2847 VR
1541 2812 1864 2857 προσκτωμένοις]

215 2870 532 2918 προσχρωμένοισ
557 2872 583 2905 C
609 2872 805 2920 περιουσίᾳ
827 2871 1037 2916 χρωμένοις
1062 2870 1248 2905 Holwerda
1271 2880 1305 2913 p.
1333 2871 1374 2902 32
1469 2871 1510 2902 25
1536 2870 1611 2913 τῆς]
1637 2873 1722 2903 τοῖσ
1748 2867 1774 2901 C
