2039 3251
77 881 114 913 10

76 1217 112 1250 15

561 149 627 184 DE
653 150 812 186 BELLO
837 151 933 187 IUD.
959 152 1011 186 111
1037 155 1214 187 401—405
1239 153 1325 193 (vm
1353 156 1384 195 υ)
1724 151 1802 188 327

147 280 217 308 σοι
256 263 477 318 μειζόνων.
536 263 592 320 μὴ
631 263 712 319 γὰρ
751 262 838 307 ὑπὸ
880 267 989 307 θεοῦ
1029 266 1405 320 προπεμπόμενος
1442 263 1566 323 ᾔδειν
1596 265 1672 309 τον
1699 262 1804 309 'Iov-

147 333 284 375 δαίων
325 332 478 386 νόμον,
518 334 589 374 καὶ
631 337 727 382 πως
766 342 1023 389 στρατηγοῖς
1062 330 1365 388 ἀποθνῄσκειν
1402 337 1580 387 πρέπει.
1631 336 1805 389 Νέρωνί

145 417 200 454 με
231 403 444 454 πέμπεις·
476 404 519 442 τί
548 399 653 455 7029,-
686 416 706 439 »κ
727 401 767 442 οἱ
798 399 908 454 μετὰ
941 404 1126 455 Νέρωνα
1155 404 1278 456 μέχρι
1310 403 1388 443 σοῦ
1421 401 1619 454 διάδοχοι
1648 404 1805 455 μενοῦ-

146 483 228 510 σιν,
289 467 339 509 σὺ
365 472 551 520 Καῖσαρ.
590 464 912 519 Οὐεσπασιανέ,
945 470 1015 511 καὶ
1041 464 1333 523 αἰτοκράτωρ,
1367 467 1418 511 σὺ
1450 471 1522 511 καὶ
1544 467 1694 519 παῖςὸ
1728 468 1805 519 σὸς

146 532 286 586 οὗτος.
346 536 492 588 δέσμει
518 536 564 576 δέ
587 551 641 588 με
672 537 745 577 νῦν
777 532 1121 592 ἀσφαλέστερον,
1154 538 1225 578 καὶ
1257 537 1377 591 τήρει
1411 539 1600 592 σεαυτῷ·
1639 536 1804 579 δεσπό-

145 620 221 659 τιις
251 603 329 657 μὲν
359 602 440 658 γὰρ
474 598 522 644 οὐ
553 601 686 656 μόνον
719 602 824 656 ἐμοῦ
856 603 906 645 σὺ
940 607 1134 656 Καῖσαρ,
1176 599 1287 644 ἀλλὰ
1321 606 1391 646 καὶ
1422 606 1498 659 γῆς
1528 606 1601 646 καὶ
1631 604 1804 646 θαλάτ-

144 688 220 727 ‘mig
257 673 328 713 καὶ
371 669 538 719 παντὸς
581 665 836 723 ἀνθρώπων
874 673 1043 725 γένους,
1094 669 1175 725 ἐγώ
1218 671 1264 713 δὲ
1295 670 1369 713 ἐπὶ
1399 675 1615 725 τιμωρίαν
1648 672 1804 726 δέομαι

146 740 342 794 φρουρᾶς
386 737 603 792 μείζονος,
651 736 688 779 εἰ
733 738 1055 790 κατασχεδιάζω
1100 739 1172 780 καὶ
1215 741 1369 781 θεοῦ.“
1432 736 1557 781 ταῦτ’
1601 739 1806 789 εἰπόντος

146 807 414 861 παραχρῆμα
453 805 531 859 μὲν
573 800 913 854 Οὐεσπασιανὸς
951 801 1156 848 ἀπιστεῖν
1199 805 1340 849 ἐδόκει
1379 809 1450 849 καὶ
1490 805 1566 849 τὸν
1591 803 1805 863 Ἰώσηπον

146 870 451 926 ὑπελάμβανεν
495 874 634 914 ταῦτα
678 874 781 926 περὶ
828 877 1046 928 σωτηρίας
1085 883 1369 928 πανουργεῖν,
1414 874 1525 916 κατὰ
1565 873 1719 927 μικρὸν
1759 874 1805 917 δὲ

146 940 208 989 εἰς
232 944 386 982 πίστιν
416 937 607 997 ὑπήγετο
637 942 715 982 τοῦ
744 941 856 981 θεοῦ
889 939 1176 995 διεγείροντος
1208 937 1339 983 αὐτὸν
1372 941 1434 991 εἰς
1463 941 1540 997 τὴν
1570 939 1804 998 ἡγεμονίαν

144 1004 225 1063 ἤδη»
266 1008 337 1049 καὶ
379 1007 433 1050 τὰ
475 1010 674 1089 σκῆπτρά
715 1002 775 1049 δι’
819 1006 977 1062 ἑτέρων
1018 1012 1210 1064 σημείων
1245 1009 1594 1062 προδεικνύντος.
1647 1006 1805 1065 ἀτρεκῆ

145 1075 189 1116 δε
212 1073 289 1117 τὸν
307 1070 519 1131 Ιώσηπον
538 1076 609 1117 καὶ
633 1091 677 1117 εν
699 1071 850 1124 ἄλλοις
877 1074 1224 1129 κατελάμβανεν·
1256 1078 1342 1118 τῶν
1372 1075 1454 1131 γὰρ
1484 1085 1577 1126 τοῖς
1609 1072 1647 1118 ἆ
1638 1093 1806 1132 τορρη-

143 1159 238 1192 τοις
276 1142 618 1198 ιῑαρατυχόντων
658 1143 800 1199 φίλων
831 1139 852 1184 ὁ
887 1141 1032 1196 ε’τερος
1062 1143 1308 1197 θαυμάζειν
1339 1143 1422 1201 ε’φη
1455 1146 1553 1193 πῶς
1584 1141 1683 1186 οὔτε
1713 1153 1806 1195 τοῖς

144 1208 175 1251 ἒ
168 1211 219 1252 τὶ
258 1211 345 1251 τῶν
370 1205 651 1252 Ιωταπάτων
692 1211 794 1264 περὶ
837 1207 1065 1262 ἁλώσεως,
1107 1207 1210 1252 οὔθ
1246 1210 1387 1266 εαυτιῦ
1418 1211 1804 1266 προμαντεύσαιτο

145 1276 462 1331 αἰχιιαλ,ωσίαν
496 1276 615 1334 εἰμὴ
646 1280 785 1320 ταῦτα
817 1279 947 1335 λῆρος
979 1278 1044 1334 ειί]
1078 1253 1422 1334 διακρουομένου
1453 1279 1532 1330 τὰς
1563 1276 1636 1322 &ff
1674 1276 1806 1324 αυτὸν

255 1491 703 1527 PAMLVRCLatSuidas
729 1502 756 1528 s.
782 1487 970 1539 Ἰώσηπος,
993 1491 1291 1539 κατασχεδιάσω.

256 1562 271 1594 1
297 1557 494 1604 μειζόνων]
518 1556 694 1605 μεγάλων
718 1559 805 1594 Suid
896 1557 958 1606 μὴ]
988 1561 1172 1596 ML¹VRC
1186 1561 1273 1597 Suid
1303 1562 1375 1606 εἰμὶ
1401 1562 1512 1596 PAL²
1612 1560 1698 1609 γὰρ]
1731 1560 1805 1610 γὰρ

142 1612 209 1662 οὐχ
234 1616 320 1650 Suid
412 1614 661 1660 πεμπόμενοσ
685 1616 820 1652 MVRO
914 1614 1025 1663 ᾔδειν]
1053 1613 1121 1654 οὐκ
1143 1616 1243 1664 ἤδειν
1265 1618 1401 1655 MVRC
1426 1621 1462 1654 et
1483 1619 1507 1654 i.
1533 1629 1642 1664 marg.
1659 1620 1690 1655 L
1715 1620 1806 1657 ἰδεῖν

140 1677 180 1705 ut
204 1672 275 1707 uid.
300 1672 371 1707 Lat
507 1671 588 1713 τὸν]
613 1675 690 1708 τῶν
713 1673 776 1707 ΡΑ
867 1673 1036 1709 ἰουδαϊον
1060 1673 1086 1708 C
1193 1677 1211 1708 2
1235 1677 1299 1711 καὶ
1325 1696 1361 1699 -
1391 1675 1525 1722 πρέπει
1556 1686 1624 1711 om.
1649 1676 1737 1711 Suid

140 1724 357 1774 στρατηγὸσ
381 1728 458 1763 V¹C
576 1731 594 1761 3
619 1729 794 1764 excidisse
817 1729 890 1765 uid.
915 1731 1046 1766 mentio
1070 1731 1291 1776 propinquae
1314 1731 1467 1767 Neronis
1492 1732 1614 1767 mortis
1708 1732 1744 1769 οἱ
1761 1754 1803 1758 —

138 1787 327 1828 μενοῦσιν]
352 1786 461 1830 quasi
482 1783 546 1830 qui
567 1785 694 1820 neroni
717 1796 829 1829 usque
853 1786 902 1820 ad
926 1791 958 1821 te
982 1787 1186 1822 successuri
1206 1787 1279 1822 sint
1309 1793 1480 1823 maneant
1504 1788 1575 1823 Lat
1695 1789 1805 1836 μέχρι

140 1851 209 1876 om.
234 1841 273 1875 M
342 1843 423 1881 σοῦ]
449 1844 518 1878 τοῦ
541 1841 714 1877 Destinon
782 1846 971 1887 μενοῦσιν]
997 1842 1159 1878 PMSuid
1182 1843 1359 1887 μένουσιν
1384 1846 1456 1886 (σι-
1473 1845 1552 1887 VR)
1575 1845 1738 1882 ALVRO

141 1900 161 1931 4
187 1894 244 1942 σὺ]
269 1894 313 1933 σὺ
338 1897 377 1934 δὲ
401 1897 487 1932 Suid
585 1893 842 1934 Οὐεσπασιανέ
863 1919 908 1924 -
926 1897 970 1936 σὺ
995 1910 1063 1935 om.
1089 1900 1175 1935 Suid
1275 1895 1516 1948 αὐτοκράτορ
1536 1902 1600 1936 ΡΑ
1693 1899 1738 1939 σὺ
1763 1912 1806 1937 ex

141 1965 202 1988 σοι
220 1963 312 1988 corr.
329 1953 402 1988 uid.
419 1952 447 1987 P
532 1955 595 1989 καὶ
612 1951 681 1996 σὸς
698 1960 786 1997 παῖς
804 1948 916 1997 οὗτος
932 1955 1020 1991 Suid
1105 1959 1205 1998 παῖς]
1233 1952 1253 1992 ὃ
1271 1963 1366 1993 παῖσ
1382 1957 1421 1992 Μ
1491 1964 1579 2000 παῖς
1605 1955 1625 1994 ὃ
1652 1969 1695 1994 ex
1711 1964 1804 1995 παῖο

142 2019 234 2045 corr.
259 2020 306 2045 m.
333 2012 352 2044 2
376 2009 409 2044 R
545 2013 564 2044 5
589 2013 655 2046 νῦν
678 2021 746 2046 om.
772 2011 859 2046 Suid
995 2006 1264 2056 ἀσφαλέστατα
1290 2016 1325 2047 et
1348 2009 1651 2058 α’σφαλεστάτωσ
1675 2014 1805 2049 Suidae

142 2065 244 2101 codd.
315 2068 442 2102 σαυτιῦ
459 2065 554 2101 VRC
648 2064 832 2113 δεσπότης
849 2088 889 2092 -—
909 2071 926 2100 ἰ’
952 2067 1083 2114 γένους
1107 2069 1248 2103 breuiat
1263 2069 1350 2104 Suid
1443 2073 1462 2105 6
1486 2070 1556 2115 μὲν
1581 2081 1648 2105 om.
1671 2070 1738 2105 MC

143 2123 306 2169 Καῖσαρ]
339 2124 403 2158 καὶ
432 2129 573 2168 καῖσαρ
604 2123 642 2157 Μ
778 2121 980 2170 θαλάσσησ
1003 2123 1172 2159 MLVRC
1310 2129 1327 2159 7
1359 2124 1433 2172 ε’γω
1459 2147 1502 2151 -
1527 2129 1546 2160 8
1571 2128 1667 2162 θεοῦ
1695 2126 1805 2160 habet

143 2178 229 2213 Suid
246 2189 275 2214 s.
300 2177 588 2225 κατασχεδιάσω
718 2174 753 2215 δ’
770 2180 801 2214 L
930 2178 991 2216 ἐπὶ
1015 2182 1202 2225 τιμωρίαν
1226 2191 1294 2216 om.
1312 2181 1399 2216 Suid
1423 2185 1573 2226 utroque
1596 2183 1675 2218 loco

143 2235 162 2268 S
193 2235 351 2279 μείζονα
376 2236 485 2270 uertit
509 2236 577 2270 Lat
713 2234 1000 2282 κατασχεδιάσω
1033 2236 1167 2271 PAML
1177 2236 1262 2271 Suid
1397 2240 1516 2274 ταῦτα
1540 2238 1669 2274 AVRC

142 2289 330 2327 εἰπῶντοσ
347 2290 373 2325 C
491 2294 510 2326 9
536 2291 605 2336 μὲν
631 2287 650 2327 ὃ
678 2287 960 2328 οὖεσπασιανὸσ
981 2292 1013 2326 R
1130 2296 1168 2327 10
1192 2289 1454 2341 ὑπολαμβάνει
1479 2294 1526 2328 L¹
1641 2308 1805 2342 πανουρ-

143 2350 234 2392 γεῖν]
259 2347 338 2381 finit
355 2347 440 2384 Suid
465 2358 493 2383 S.
512 2342 699 2394 Ἰώσηπος,
722 2352 902 2392 postrema
926 2349 1094 2384 breuians
1190 2353 1225 2384 11
1250 2346 1429 2396 ὑπήγετο]
1454 2346 1630 2397 ἠπείγετο
1657 2351 1713 2385 ΡΟ

142 2404 406 2449 διεγείροντος]
444 2405 703 2451 διεγείραντοσ
738 2404 865 2440 LVRC
900 2403 1125 2450 ἐγείροντοσ
1160 2409 1220 2446 (ον
1254 2415 1298 2440 ex
1336 2415 1425 2441 corr.
1462 2407 1507 2449 A)
1539 2406 1601 2440 PA
1636 2405 1802 2453 ἐγείραν-

142 2470 213 2494 τοσ
251 2459 291 2494 Μ
431 2462 471 2495 12
507 2458 659 2506 ἑτέρων]
696 2460 817 2495 multis
850 2461 921 2496 Lat
1058 2460 1380 2509 παραδεικνύντοσ
1415 2464 1447 2496 Α
1482 2460 1803 2509 προδεικνὺοντοσ

142 2512 212 2547 ML
353 2517 392 2549 13
423 2518 486 2552 καὶ
518 2513 587 2552 τὸν
611 2514 781 2563 ἰώσηπον
804 2521 848 2552 tr.
874 2517 1066 2553 PALVRC
1208 2521 1247 2552 14
1274 2520 1293 2554 ὁ
1320 2516 1451 2565 ἕτερος
1467 2540 1506 2543 -
1522 2516 1604 2565 ἔφη]
1629 2519 1744 2553 altero
1760 2540 1801 2544 —

143 2568 320 2605 admirari
347 2570 486 2606 dicente
512 2571 582 2606 Lat
665 2569 684 2609 ὃ
711 2584 779 2607 om.
805 2573 939 2608 PAML
1031 2577 1122 2616 τοῖς]
1155 2577 1232 2609 τῶν
1256 2574 1281 2609 C
1378 2578 1416 2609 15
1451 2574 1679 2611 ἰωταπατιῦν
1701 2576 1736 2609 Α
1768 2578 1803 2610 et

143 2633 186 2657 ex
211 2635 304 2661 corr.
324 2626 353 2660 L
438 2623 527 2664 οὔθ’
552 2627 685 2677 ἑαυτῷ]
712 2629 738 2664 C
756 2626 841 2666 οὐδὲ
865 2625 968 2666 αὐτῶ
983 2630 1079 2664 PAL
1104 2625 1190 2667 οὐδ’
1216 2629 1339 2667 ἑαυτιῦ
1362 2630 1402 2664 Μ
1428 2628 1515 2667 οὔτε
1540 2627 1643 2667 αὐτῶ
1666 2631 1734 2667 VR

145 2679 494 2725 προυμαντεὺσαιτο
525 2683 559 2719 R
589 2684 928 2730 προυμαντεύσατο
955 2686 981 2720 C
1122 2688 1162 2721 16
1195 2687 1463 2732 αἰχμαλωσίαν]
1497 2689 1583 2732 περὶ
1615 2687 1802 2733 αἰχμαλω-

145 2736 233 2771 σίασ
257 2736 391 2772 MVRC
423 2741 460 2774 et
481 2739 566 2775 fort.
589 2740 660 2775 Lat
751 2744 882 2783 ταῦτα]
907 2743 996 2785 ταῦ[
1025 2742 1051 2776 C
1144 2743 1178 2779 εἰ
1198 2763 1244 2769 --
1267 2740 1334 2789 εἴη]
1360 2743 1430 2778 nisi
1453 2743 1542 2778 Ilaec
1565 2743 1802 2778 deliramenta

145 2796 216 2825 smt
255 2791 324 2826 Lat
460 2797 575 2841 ἰῆρος
614 2794 680 2842 εἴη]
721 2794 893 2843 ἳηρήσειε
934 2798 1110 2834 Destinon
1247 2797 1314 2845 εἴη]
1353 2793 1399 2844 ἧν
1437 2799 1483 2833 L¹
1523 2797 1580 2845 ἦει
1618 2799 1666 2834 L-

146 2842 440 2933 ssoquovo'usvov
470 2850 517 2884 L¹
550 2853 870 2899 διακρουσομένου
892 2853 1029 2889 MVRC
1061 2852 1361 2901 διακρουόμενοσ
1385 2855 1513 2898 PAL²‚
1547 2855 1642 2900 quod
1666 2855 1802 2890 mauult

182 2901 318 2937 estinon

1836 337 1912 375 401

1836 539 1917 578 402

1836 744 1917 782 403

1837 879 1918 918 404

1837 1014 1916 1053 405
