1987 3246
153 153 239 187 VIII
884 150 1073 185 Praefatio.

155 280 236 320 que
259 267 385 308 uariis
404 268 449 318 ¹);
480 264 692 307 mensibus
714 263 1006 317 Macedonum,
1039 265 1189 318 quibus
1218 267 1423 321 Iosephus
1453 269 1592 320 utitur,
1623 270 1808 322 ascripta

154 336 249 375 sunt
268 333 437 373 nomina
458 332 647 373 Romana
662 333 713 384 2);
746 334 890 372 extant
920 335 1140 383 praeterea
1169 334 1324 376 multae
1345 336 1489 378 uariae
1520 335 1722 377 lectiones
1754 348 1808 377 ex

153 399 248 441 aliis
270 398 485 440 codicibus
507 399 675 451 petitae.
728 410 836 451 quae
858 398 998 439 omnia
1019 411 1112 440 cum
1142 412 1267 441 manu
1297 400 1434 452 prima
1453 413 1536 442 una
1565 415 1658 443 cum
1690 406 1809 444 textu

154 469 328 506 exarata
358 465 451 516 sint,
483 468 660 518 apparet
690 465 774 506 iam
806 465 848 505 in
870 477 920 506 eo
953 464 1098 506 codiee
1129 465 1270 518 fuisse,
1303 480 1356 508 ex
1387 480 1468 520 quo
1501 468 1714 511 deriuatus
1746 473 1810 510 est

152 531 400 574 Marcianus.
482 532 657 574 contulit
694 532 853 586 primus
893 536 937 572 ut
974 531 1140 573 uidetur
1179 532 1230 573 H.
1269 546 1351 574 van
1386 534 1667 589 Herwerden;
1709 535 1808 577 dein

154 598 323 639 Niesius
354 601 487 640 totum
518 599 703 641 excussit
733 611 831 640 uere
861 599 959 640 anni
995 599 1113 640 1875.

268 667 306 705 4.
337 664 383 706 L.
416 664 701 708 bibliothecae
722 665 1031 707 Laurentianae
1062 665 1197 719 plutei
1228 668 1280 707 69
1304 666 1439 709 codex
1476 669 1522 708 19
1546 669 1806 710 membrana-

158 743 276 783 ceus,
318 732 486 773 saeculo
523 731 587 773 XI
620 736 693 774 aut
727 732 810 773 XII
845 732 976 774 nitide
1014 737 1055 774 et
1093 737 1287 775 accurate
1328 734 1506 787 scriptus
1521 736 1573 788 3),
1612 736 1808 778 foliorum

158 802 221 840 est
243 800 345 851 3633
377 799 558 853 paginae
581 804 676 841 sunt
708 813 901 842 uersuum
930 800 1172 841 nicenorum
1193 812 1401 842 senorum.
1456 817 1471 841 ι
1501 806 1659 844 mutum
1681 815 1809 856 saepe

156 866 358 907 omittitur
390 878 469 908 nec
498 866 587 908 fere
618 870 765 908 extare
797 867 904 908 solet
933 867 1015 908 nisi
1047 867 1088 908 in
1119 867 1419 909 uocabulorum
1451 868 1577 910 exitu.
1628 884 1649 908 ν
1681 866 1810 922 ἐφελ-

155 930 357 973 κυστικὸν
391 933 517 975 etiam
548 937 645 975 ante
678 946 882 976 consonas
922 934 1081 976 litteras
1123 947 1250 988 saepe
1291 938 1418 976 extat.
1486 935 1670 977 eontinet
1708 936 1810 977 belli

154 999 316 1042 Iudaici
347 1000 476 1042 libros
500 999 597 1053 VII;
629 1000 704 1042 sed
736 1000 984 1043 exciderunt
1013 1001 1117 1043 folia
1147 1002 1324 1054 primum
1347 1003 1402 1054 (p.
1428 1002 1464 1054 3,
1486 1004 1503 1041 1
1531 1025 1582 1029 —-
1605 1004 1644 1055 4,
1662 1004 1714 1042 25
1734 1017 1811 1042 τα-

155 1068 324 1117 πεινου)
345 1072 385 1109 et
401 1067 592 1109 ultimum
610 1069 663 1120 (p.
677 1068 771 1120 626,
784 1069 807 1107 2
824 1066 902 1119 μὲν
920 1064 1075 1115 ἄλλους
1090 1090 1136 1095 —-
1151 1069 1338 1120 628,15),
1357 1068 1510 1110 deinde
1525 1069 1812 1122 quaternionis

154 1135 275 1177 unius
306 1135 410 1177 folia
437 1138 644 1187 quattuor,
678 1135 871 1187 primum,
903 1136 1093 1187 alterum,
1125 1136 1362 1188 septimum,
1395 1140 1590 1178 octauum
1623 1137 1678 1189 (p.
1702 1137 1812 1188 3Ο,6

156 1195 229 1241 ἐπ)
266 1196 396 1242 αὐτὸν
418 1224 471 1229 -
494 1203 560 1255 33,
591 1202 643 1241 20
676 1198 720 1241 ἓν
750 1203 901 1254 μέσοις
931 1206 972 1244 et
1004 1215 1041 1254 p.
1065 1205 1131 1255 41,
1156 1205 1173 1242 1
1210 1201 1335 1253 ὄοχος
1367 1199 1511 1242 ἐλθών
1535 1226 1583 1230 —
1607 1215 1647 1255 p.
1672 1205 1739 1255 44,
1761 1204 1811 1243 16

155 1269 227 1309 καὶ
240 1262 530 1322 Ἀντίγονος),
555 1273 641 1310 tum
659 1269 944 1321 quaternionis
963 1271 1029 1310 37.
1046 1269 1191 1311 folium
1209 1273 1373 1311 sextum
1390 1266 1598 1318 (πολλοὺς
1616 1283 1655 1323 p.
1672 1272 1766 1323 511,
1788 1272 1807 1309 1

157 1358 211 1364 -—
228 1334 365 1388 χρεών
385 1349 425 1389 p.
450 1337 543 1387 512,
566 1333 638 1387 21)
652 1337 694 1384 4).
738 1335 842 1377 11366
864 1336 1005 1377 omnia
1025 1340 1174 1389 postea
1194 1337 1362 1378 saeculo
1385 1336 1464 1377 XV
1485 1337 1682 1390 suppleta
1704 1341 1811 1379 sunt.

155 1408 376 1457 praeterea
413 1403 612 1445 amissum
654 1406 716 1445 est
756 1403 1041 1455 quaternionis
1082 1406 1129 1443 41
1163 1402 1283 1445 1⁰01.ss
1315 1405 1371 1456 (p.
1395 1405 1488 1455 563,
1514 1406 1563 1444 16
1600 1400 1814 1456 στιβαρώ-

156 1485 266 1511 τατα
290 1494 344 1498 -
367 1471 461 1523 565,
485 1471 508 1509 2
538 1467 656 1523 τύχῃ)
689 1474 729 1511 et
750 1470 949 1512 ternionis
971 1470 1106 1511 ultimi
1130 1471 1212 1519 (46)
1235 1470 1379 1512 folium
1405 1472 1421 1509 1
1448 1470 1557 1523 (618,
1583 1473 1632 1511 10
1654 1468 1812 1523 μυριά-

158 1536 236 1585 δας
257 1560 302 1564 -
324 1539 417 1590 619,
437 1539 488 1577 27
507 1534 620 1589 πρὸς
640 1534 745 1591 τὴν),
769 1550 878 1590 quae
899 1537 1096 1590 suppleta
1116 1550 1198 1578 non
1220 1541 1326 1578 sunt.
1364 1540 1572 1578 correctus
1595 1541 1658 1579 est
1677 1536 1813 1579 codex

156 1605 350 1647 manibus
389 1605 573 1646 maxime
617 1603 803 1656 duabus,
846 1617 1020 1656 quarum
1061 1604 1272 1656 antiquior
1302 1604 1428 1652 (man.
1455 1605 1491 1652 1)
1532 1603 1694 1646 scribae
1725 1604 1813 1647 fere

158 1672 349 1725 aequalis
370 1685 453 1714 non
469 1672 602 1713 multa
616 1671 736 1724 fecit3
759 1673 882 1725 plura
898 1671 1066 1712 saeculo
1085 1670 1190 1711 XIII
1206 1674 1278 1712 aut
1293 1670 1393 1712 XIV
1407 1671 1585 1712 mutauit
1605 1684 1752 1713 manus
1774 1673 1813 1725 2,

158 1752 266 1793 quae
289 1739 460 1792 quidem
488 1739 734 1792 plerumque
757 1738 886 1779 erasis
918 1738 1068 1779 litteris
1099 1739 1282 1790 antiquis
1314 1750 1389 1779 sua
1420 1738 1570 1790 intulit,
1603 1738 1813 1781 interdum

158 1807 200 1848 in
222 1807 410 1859 margine
431 1806 583 1859 posuit.
630 1817 778 1846 manus
800 1805 922 1845 tertia
943 1805 1150 1846 recentior
1172 1817 1247 1858 per
1267 1804 1419 1846 librum
1439 1805 1664 1858 septimum
1686 1819 1813 1858 quae-

159 1872 256 1915 dam
270 1873 463 1915 correxit.
486 1872 784 1913 adnotamenta
798 1872 838 1912 in
855 1872 1042 1925 margine
1057 1876 1202 1913 extant
1216 1872 1446 1925 complura,
1465 1885 1641 1925 quorum
1657 1885 1812 1914 memo-

158 1944 251 1982 ratu
276 1939 406 1993 digna
440 1952 490 1981 ea
521 1938 728 1991 uidentur,
760 1952 867 1991 quae
893 1952 1041 1981 manus
1066 1939 1203 1993 prima
1229 1951 1311 1980 una
1336 1952 1428 1981 cum
1452 1938 1635 1992 Iosepho
1664 1941 1814 1983 litteris

159 2007 312 2060 partim
344 2006 687 2048 semiuncialibus
718 2005 871 2059 partim
901 2006 1145 2048 minusculis
1182 2006 1386 2060 exarauit,
1423 2006 1561 2048 uarias
1597 2007 1813 2059 lectiones,

159 2086 298 2115 rerum
329 2072 514 2126 indices,
547 2072 728 2125 scholia,
773 2075 1146 2127 interpretamenta
1175 2073 1344 2125 aliaque
1361 2075 1411 2125 5),
1443 2073 1550 2114 inter
1580 2086 1688 2126 quae
1720 2077 1815 2116 sunt

274 2207 305 2247 1)
337 2205 435 2239 uelut
467 2204 512 2238 ad
537 2215 572 2248 p.
599 2206 677 2245 313,
703 2208 739 2239 21
768 2199 900 2251 βι’ζην;
927 2200 1068 2249 ἁθρόοι
1096 2202 1204 2248 ὁμοῦ
1230 2205 1286 2238 ad.
1311 2215 1345 2248 p.
1366 2208 1441 2245 511,
1462 2207 1501 2238 16
1533 2204 1661 2245 (πλέον
1689 2206 1756 2240 τοῦ
1775 2204 1816 2239 ἰν

159 2261 242 2295 uide
266 2263 382 2303 notas)
407 2259 451 2296 τὸ
466 2259 515 2302 ἰν,
539 2260 680 2306 μέτρον
694 2260 730 2296 ἲν
748 2274 765 2297 ε
767 2259 943 2308 ξάλιτρον
961 2263 1003 2297 οὑ
1021 2260 1065 2296 τὸ
1083 2254 1193 2306 ἥμισυ
1208 2256 1294 2305 ἡμῒν
1310 2259 1466 2306 λέγεται.
1507 2260 1551 2295 ad
1568 2271 1602 2304 p.
1621 2262 1697 2301 323,
1711 2262 1752 2294 20
1761 2271 1814 2304 sq

161 2311 233 2360 ‹30⁶-
259 2316 330 2352 τὸν
353 2313 525 2361 ἰώσηπον
549 2314 800 2362 ἑλληνίζοντα.
918 2319 951 2358 2)
976 2327 1017 2351 63
1040 2317 1195 2357 ratione,
1220 2320 1260 2350 ut
1283 2315 1434 2360 Dystrus
1459 2316 1506 2350 sit
1529 2316 1691 2357 Martius,
1715 2315 1814 2350 Xau-

159 2372 279 2407 thicus
296 2372 442 2416 Aprilis,
458 2372 671 2407 Artemisius
689 2372 818 2414 Maius,
835 2372 987 2408 Daesius
1004 2372 1140 2413 Iunius,
1165 2371 1341 2406 Panemus
1358 2371 1482 2413 Iulius,
1505 2371 1604 2406 Lous
1620 2372 1815 2414 Augustus,

162 2427 360 2472 Gorpiaeus
403 2427 630 2471 September,
672 2428 982 2472 Hyperberetaeus
1020 2428 1193 2468 October,
1239 2426 1328 2461 Dius
1363 2426 1582 2469 Nouember,
1622 2426 1814 2470 Apellaeus

159 2483 366 2518 December.
505 2486 539 2526 3)
570 2484 651 2519 uide
675 2484 906 2525 Bandinium,
940 2483 1122 2527 catalogus
1155 2482 1316 2517 codicum
1348 2492 1553 2526 graecorum
1580 2481 1816 2516 bibliothecae

159 2538 423 2574 Laurentianae
447 2539 480 2572 II
505 2542 583 2575 640.
677 2542 710 2581 4)
735 2541 803 2573 1100
829 2539 999 2574 adnotare
1024 2538 1216 2573 omisimus.
1289 2541 1321 2578 5)
1346 2538 1444 2572 uelut
1467 2538 1513 2571 ad
1537 2537 1554 2571 I
1580 2540 1622 2572 84
1646 2534 1816 2578 θάνατος

161 2603 450 2651 εἷριστοβοίλου.
498 2606 542 2640 ad
560 2600 806 2652 (Στράτωνος
823 2603 1028 2651 πύργος-Π).
1047 2606 1100 2645 93,
1122 2607 1180 2637 17:
1205 2600 1238 2638 α’
1257 2606 1324 2638 δαν
1341 2607 1537 2639 εκαλεῖτο·
1555 2600 1817 2650 βστρατωνος

161 2674 334 2706 πιργος·
358 2675 381 2707 γ
409 2674 609 2707 καισαρεια
639 2663 824 2706 φιλιππου
853 2658 905 2702 ὡς
937 2657 1204 2706 φιλοστόργως
1235 2659 1342 2704 λέγει.
1388 2659 1433 2693 ad
1456 2659 1491 2692 II
1517 2661 1581 2693 249
1613 2653 1671 2695 ότι
1696 2659 1817 2703 νέρων

163 2714 358 2762 πρόγονος
374 2731 420 2763 ην
441 2718 617 2753 κλαυὸίου
634 2715 674 2759 ἐξ
696 2713 921 2763 ἀγριππίνης
945 2729 1009 2761 της
1032 2718 1206 2759 δευτερας
1231 2710 1346 2750 αὐτου
1368 2713 1554 2760 γυναικός.
1602 2715 1647 2749 ad
1670 2725 1705 2759 p.
1724 2717 1778 2756 95,
1797 2717 1816 2748 8

162 2775 333 2817 γηλοςεον
363 2770 407 2808 τὸ
438 2769 583 2818 υψηλον
613 2774 676 2808 καὶ
703 2765 858 2816 ὁμαλόν.
903 2773 979 2812 313,
1004 2773 1042 2803 21
1070 2770 1200 2816 βύζην
1234 2773 1381 2812 πυκνῶς
1404 2767 1661 2812 ἀδιαλείπτως.
1708 2771 1817 2805 adno-

160 2828 229 2862 tari
260 2828 350 2862 solet
383 2827 580 2862 occisorum
611 2837 796 2869 numerus,
827 2830 867 2861 ut
890 2826 935 2860 ad
959 2837 993 2870 p.
1020 2828 1083 2859 27·
1073 2839 1095 2868 1,
1122 2828 1141 2858 6
1167 2839 1198 2871 ,η
1223 2822 1335 2860 πάλιν
1360 2828 1436 2867 (καὶ
1460 2823 1571 2862 πάλιν
1594 2826 1685 2860 falso
1708 2826 1818 2860 tradit

163 2882 365 2926 Cardwell)‚
399 2882 444 2916 ad
476 2882 526 2917 IV
554 2885 618 2916 460
644 2895 728 2928 περι
754 2885 818 2928 τῆς
840 2895 938 2918 κατα
969 2880 1097 2927 ἓεριχαῖ
1125 2893 1241 2926 πηγης
1273 2877 1317 2926 ἢν
1348 2884 1536 2924 ελισσαῖος
1570 2878 1590 2916 ὃ
1623 2876 1818 2927 προφήτης
