2018 3236
231 121 310 159 392
637 119 703 152 DE
728 117 887 152 BELLO
916 116 1011 151 IUD.
1037 117 1087 151 Ν
1112 119 1289 151 341—349
1313 118 1348 157 (v
1373 122 1400 147 4.
1429 119 1461 158 5)

236 229 427 281 α’παντες
467 233 537 272 καὶ
577 229 654 272 σὺν
695 225 813 284 αὗτιῦ
847 229 1106 283 προείλοντο
1146 227 1359 270 τεθνάναι
1396 228 1562 281 μᾶλλον
1592 221 1618 285 ἢ
1648 230 1725 284 τῆς
1758 224 1882 273 ἆναι-

123 303 202 343 342
234 303 394 355 ρέσεως
431 294 563 339 αἰτοῦ
604 297 752 350 λαβεῖν
791 294 866 351 τὴν
907 294 1169 351 ἒπιγραφην.
1219 291 1346 372 ἤρθη
1378 295 1424 337 δὲ
1452 294 1533 352 βοὴ
1565 296 1651 337 τῶν
1683 294 1882 351 ζηλωτῶν

232 366 345 421 πρὸς
366 382 442 421 την
465 360 694 415 ἀπόλυσιν,
725 364 798 405 καὶ
819 361 999 405 πάντων
1019 362 1098 416 μὲν
1125 360 1177 418 ἠν
1209 357 1498 418 ἀγανάκτησις
1526 361 1603 439 2375L
1632 370 1726 411 τοῖς
1757 362 1882 405 δικα-

233 442 355 482 σταῖς
386 429 444 481 ιῦς
474 448 530 485 μη
565 438 749 473 συνιεῖσι
778 428 855 486 τὴν
887 429 1110 485 ειρωνείαν
1141 431 1217 484 τῆς
1248 429 1459 485 δοθείσης
1491 424 1639 478 αυτοῖς
1669 427 1879 481 ἐξουσίας,

122 505 200 545 343
234 499 307 541 δύο
332 498 377 540 δὲ
398 497 720 554 τολμηρότατοι
750 496 1081 551 προσπεσόντες
1113 495 1156 538 ἓν
1186 499 1307 551 μέσῳ
1337 498 1400 551 τῷ
1432 496 1534 552 ἱερῷ
1565 495 1883 552 διαφθείρουσι
1912 505 1930 537 5

231 565 305 607 τὸν
326 569 550 620 Ζαχαρίαν
579 566 650 607 καὶ
672 564 857 606 πεσόντι
893 559 1257 617 ἐπιχλευάσαντες
1281 562 1453 619 ἔφασαν
1483 564 1581 615 „nal
1614 558 1724 618 παρ’
1759 560 1881 619 ἡμῶν

228 631 305 687 τὴν
351 634 505 688 ψῆφον
546 631 656 685 ἔχεις
690 633 761 674 καὶ
802 634 1091 686 βεβαιοτέραν
1132 626 1379 673 ἆπόλυσιν“
1419 631 1627 685 ῥίπτουσί
1663 646 1710 672 τε
1751 625 1881 672 αὐτὸν

120 706 199 745 344
231 694 430 756 [εὐθέως]
471 695 560 742 ἀπὸ
598 701 675 741 τοῦ
709 699 825 753 ἱεροῦ
856 697 965 740 κατὰ
995 699 1072 753 τῆς
1101 694 1389 755 ’ὑποκειμένης
1420 697 1654 753 φάραγγος.
1703 695 1805 747 τοὺς
1835 697 1881 739 δὲ

231 765 439 815 δικαστὰς
460 765 574 821 πρὸς
594 761 718 821 ὕβριν
740 762 1123 820 ἀπεστραμμένοις
1144 773 1237 814 τοῖς
1259 764 1407 822 ξίφεσι
1428 764 1663 814 τύπτοντες
1694 764 1881 814 ἐξέωσαν

228 838 305 876 τοῦ
345 833 604 888 περιβόλου,
645 829 705 876 δι)
751 834 794 875 ἓν
832 834 961 874 τοῦτο
1002 831 1263 888 φεισάμενοι
1299 834 1376 888 τῆς
1415 833 1585 889 σφαγῆς
1617 826 1777 883 αὐτῶν,
1808 831 1881 874 ἵνα
1913 841 1949 874 10

231 900 547 950 σκεδασθέντες
587 897 669 942 ἀνὰ
700 899 777 955 τὴν
808 898 941 941 πόλιν
974 895 1146 954 ἄγγελοι
1178 900 1292 940 πᾶσι
1321 901 1398 956 τῆς
1429 899 1628 948 δουλείας
1657 901 1880 953 γένωνται.

117 973 196 1013 345
341 972 378 1010 5.
415 973 517 1018 Τοῖς
549 968 594 1010 δὲ
619 964 882 1021 Ἰδουμαίοις
902 963 983 1023 ἤδη
1017 968 1093 1023 τῆς
1124 969 1372 1020 παρουσίας
1402 967 1608 1020 μετέμελε
1637 967 1708 1008 καὶ
1739 980 1881 1018 προσ-

118 1040 197 1079 346
230 1038 381 1077 ι’στατο
412 1034 465 1076 τὰ
494 1034 789 1091 πραττόμενα.
855 1032 1106 1089 συναγαγών
1139 1033 1184 1075 δὲ
1217 1029 1373 1083 αὐτούς
1410 1049 1476 1083 τις
1507 1030 1596 1076 άπὸ
1629 1035 1714 1074 τιῦν
1746 1032 1881 1089 ζηλω-

227 1104 312 1144 τιῦν
334 1098 430 1144 κατ’
458 1102 574 1145 ἰδίαν
597 1101 741 1144 ε’·λθών
764 1101 1027 1144 ἐνεδείκνυτο
1052 1100 1107 1142 τὰ
1140 1103 1603 1156 συμπαρανομηθέντα
1632 1110 1726 1151 τοῖς
1755 1102 1881 1143 καλέ-

118 1175 197 1215 347
230 1184 334 1212 σασι
370 1171 440 1212 καὶ
481 1168 529 1212 τὸ
570 1169 678 1212 κατὰ
717 1171 793 1224 τῆς
829 1167 1144 1225 μητροπόλεως
1176 1167 1357 1224 διεξῄει·
1398 1167 1773 1223 παρατάσσεσθαι
1802 1168 1881 1222 μὲν
1913 1176 1947 1208 15

227 1236 308 1292 γὰρ
348 1234 407 1286 ὡς
444 1234 530 1279 ὑπὸ
564 1239 650 1279 τῶν
682 1232 914 1292 ἀρχιερέων
945 1235 1266 1292 προδιδομένης
1292 1233 1520 1289 Ῥωμαίοις
1549 1237 1623 1290 τῆς
1652 1235 1882 1292 μητροπό-

229 1305 348 1356 λεως,
382 1320 424 1346 ει
431 1320 604 1361 ρηκεναι
627 1304 672 1346 δε
693 1303 939 1358 προδοσίας
966 1303 1047 1356 μὲν
1076 1302 1307 1359 τεκμήριον
1339 1298 1475 1353 οιδέν,
1507 1318 1608 1351 τοις
1640 1298 1682 1344 δ’
1717 1301 1881 1358 ἐκείνην

227 1368 594 1425 ὑποκρινομένοις
616 1370 923 1427 φυλάττεσθαι
943 1371 1016 1411 καὶ
1036 1370 1232 1423 πολέμου
1262 1370 1333 1411 καὶ
1364 1369 1618 1446 τυραννίδος
1649 1368 1751 1424 ἔργα
1780 1371 1881 1411 τολ-

116 1443 196 1483 348
227 1439 413 1490 μιῦντας.
472 1437 707 1495 προσήκειν
737 1455 815 1491 μεν
847 1455 921 1480 ουν
954 1433 1101 1486 αυτοῖς
1133 1435 1386 1478 διακωλίειν
1419 1431 1499 1477 ἆπ
1537 1432 1684 1491 ἀρχῆς·
1725 1436 1877 1492 ἐπειδὴ

230 1504 275 1546 δὲ
303 1500 426 1554 ἅπαξ
454 1505 515 1555 εἷς
545 1509 775 1548 κοινωνίαν
807 1504 1022 1560 ἐμφυλίου
1053 1503 1233 1559 φόνου
1224 1506 1485 1557 προέπεσον,
1518 1498 1620 1558 όρον
1649 1506 1750 1558 γοῦν
1782 1521 1882 1547 επι-
1911 1511 1950 1544 20

229 1574 378 1613 θεῖναι
397 1581 491 1621 τοῖς
527 1569 808 1629 ἁμαρτήμασι
838 1573 908 1614 καὶ
931 1570 987 1626 μὴ
1020 1570 1288 1625 παραμένειν
1314 1573 1606 1626 χορηγοῦντας
1638 1570 1757 1624 ἰσχὺν
1787 1580 1881 1621 τοῖς

115 1644 196 1685 349
227 1639 492 1682 καταλύουσι
528 1638 582 1680 τὰ
621 1639 803 1693 πάτρια.
862 1639 936 1680 καὶ
974 1637 1054 1692 γὰρ
1098 1637 1139 1679 εἴ
1175 1653 1288 1687 τινες
1323 1638 1642 1690 χαλεπαίνουσι
1681 1636 1729 1679 τὸ
1766 1639 1881 1680 κλει-

339 1762 569 1797 PAMLVRC
580 1762 880 1805 LatHegesippus
904 1761 955 1796 IV
982 1765 1020 1795 10
1047 1772 1079 1804 p.
1107 1763 1183 1795 241.

342 1822 355 1852 1
378 1810 554 1860 ἅπαντες]
572 1818 664 1852 PAL
675 1817 745 1852 Lat
762 1813 986 1853 οἷπολύσεωσ
1003 1817 1108 1851 MVR
1124 1820 1193 1862 τῆσ
1210 1812 1434 1852 α’πολῦσεωσ
1449 1817 1475 1851 C
1546 1814 1627 1860 σὺν]
1642 1836 1648 1842 -
1662 1811 1765 1852 αὐτῶ
1779 1818 1811 1850 Α

225 1877 456 1921 προείλαντο
481 1875 547 1910 VR
640 1878 659 1908 4
685 1880 845 1910 συνεῖσιν
870 1877 931 1914 (-σι
956 1873 1001 1913 R)
1027 1873 1093 1908 LR
1185 1878 1202 1907 5
1229 1869 1277 1914 δ’]
1303 1867 1337 1908 δ’
1363 1871 1397 1907 οἱ
1422 1872 1595 1906 Destinon
1698 1866 1881 1919 τολμηρά·

229 1934 348 1972 τατοι]
374 1933 451 1966 τῶν
474 1927 769 1976 τολμηροτάτων
792 1930 852 1964 LC
882 1926 1154 1975 τολμηρότεροι
1178 1929 1211 1963 R
1317 1926 1726 1972 προσελθόνπεσόντεσ
1750 1926 1880 1969 (ελθόν

226 1989 453 2032 expunctum)
477 1987 510 2021 V
627 1988 899 2033 διαφθείρουσι]
921 1986 1109 2021 κτείνουσι
1133 1984 1164 2019 L
1294 1987 1313 2018 6
1337 1978 1646 2029 ἕπιχλευάζοντεσ
1669 1983 1795 2018 LVRC

224 2055 367 2123 Ξ-’φηασαν
399 2077 431 2111 V
572 2079 635 2112 καὶ
659 2096 701 2101 —
728 2080 744 2109 7
772 2072 965 2115 ιῖπόλυσιν]
991 2074 1099 2109 habes
1124 2078 1158 2108 et
1182 2086 1203 2107 ιι
1227 2073 1330 2108 nobis
1353 2072 1397 2107 de
1420 2072 1642 2107 absolutione
1664 2073 1876 2107 sententiam

225 2134 410 2168 certiorem
434 2133 504 2168 Lat
620 2136 637 2165 7
664 2129 730 2177 τὴν
754 2127 937 2168 ἀπόλυσιν
963 2130 988 2163 C
1104 2132 1122 2163 S
1147 2125 1287 2170 εὐθέως
1311 2140 1379 2163 om.
1404 2129 1467 2163 PA
1570 2124 1663 2168 α’πὸ]
1689 2126 1731 2163 ἐκ
1753 2129 1786 2163 Α

225 2192 244 2222 9
269 2182 391 2235 ὕβριν]
417 2189 484 2234 τὴν
508 2182 617 2235 ἱῖβριν
640 2188 668 2222 Ρ
762 2192 841 2228 τοῖς
866 2197 933 2220 om.
960 2186 987 2219 P
1083 2189 1122 2220 12
1147 2186 1168 2220 i.
1195 2197 1304 2230 marg.
1331 2183 1361 2219 λ’
1387 2185 1412 2219 Ο
1505 2179 1539 2219 δ’
1564 2184 1594 2218 L
1685 2184 1876 2228 μετέμελε]

222 2244 424 2288 μετέμελλε
449 2244 527 2279 PR²
549 2243 734 2290 μετέβαλε
758 2242 790 2278 V
883 2241 1093 2289 προΐστατο
1118 2242 1178 2276 PL
1203 2244 1239 2276 et
1263 2244 1302 2275 ut
1325 2241 1396 2275 uid.
1415 2241 1463 2273 Al
1535 2242 1573 2273 13
1592 2239 1629 2275 δέ
1654 2251 1711 2275 τισ
1736 2237 1876 2276 αὐτοὺσ

222 2302 268 2334 tr.
292 2300 329 2334 M
422 2295 513 2341 α’πὸ]
539 2296 612 2336 ὕπὸ
639 2299 671 2333 R
770 2295 848 2335 α’πὸ
875 2301 951 2334 τῶν
976 2300 1152 2344 ζηλωτῶν
1176 2301 1343 2341 suspecta
1368 2295 1604 2330 Herwerdeno
1723 2299 1763 2330 14
1786 2291 1875 2332 κατ’

223 2356 319 2391 ἰδίαν
342 2376 387 2382 -—
413 2359 453 2390 16
478 2353 565 2402 γὰρ]
590 2358 726 2390 secreto
753 2355 936 2389 indicabat
961 2355 1130 2389 uniuersa
1154 2358 1189 2388 et
1211 2364 1304 2398 quae
1320 2363 1398 2387 cum
1423 2352 1477 2386 leis
1494 2352 1556 2396 qm·
1571 2362 1634 2386 eos
1650 2351 1878 2387 aduocarant

223 2412 396 2446 scelerate
418 2413 591 2457 fecissent
615 2413 734 2446 omnia
759 2411 1044 2450 demonstrabat,
1069 2421 1170 2444 arma
1196 2408 1337 2454 quidem
1361 2419 1422 2443 eos
1445 2409 1580 2454 cepisse
1603 2407 1724 2442 dicens
1746 2407 1817 2442 Lat

224 2466 413 2503 ἐδείκνυτο
431 2468 478 2510 V3
503 2467 724 2511 insequentia
749 2468 920 2510 corrupta
943 2469 1006 2500 aut
1022 2465 1147 2500 mutila
1236 2461 1294 2504 τὰ]
1319 2466 1381 2499 καὶ
1406 2463 1451 2500 τὰ
1469 2464 1499 2497 L
1594 2466 1634 2497 15
1658 2465 1722 2499 καὶ
1745 2460 1804 2504 τὸ]
1829 2460 1875 2499 τὸ

223 2523 252 2556 L
289 2525 352 2558 καὶ
388 2519 433 2559 τὰ
470 2523 531 2558 VC
680 2519 1007 2569 παρατάσσεσθαι]
1045 2519 1329 2566 παραγενέσθαι
1365 2519 1394 2552 L
1547 2522 1586 2553 16
1621 2514 1694 2554 ὑπὸ
1732 2529 1776 2554 ex
1813 2517 1875 2555 ἐπὶ

224 2588 315 2612 corr.
341 2579 374 2611 A
455 2578 643 2625 ῥωμαίοισ
667 2578 939 2625 προδιδομένησ
964 2581 1008 2612 tr.
1027 2577 1056 2610 L
1125 2572 1406 2622 μητροπόλεως]
1432 2573 1584 2610 πόλεωσ
1599 2574 1668 2608 ML
1739 2578 1779 2609 17
1804 2575 1874 2619 μὲν

222 2643 290 2668 om.
308 2634 402 2669 VRG
496 2633 613 2675 οὐδέν]
633 2629 715 2670 οῦδὲ
732 2631 772 2669 ἓν
789 2634 818 2667 L
888 2633 926 2669 δὲ
944 2632 1069 2668 LVRC
1142 2634 1181 2666 18
1205 2633 1267 2666 καὶ
1284 2633 1379 2671 (ante
1394 2628 1573 2672 πολέμου)
1591 2630 1762 2673 expunxit
1777 2631 1809 2664 A

225 2692 265 2724 19
290 2683 357 2725 οὖν
382 2701 448 2725 om.
474 2690 583 2724 LLat
674 2686 881 2725 διακολὺειν
904 2689 937 2723 R
1049 2684 1186 2731 ἐπειδὴ]
1211 2685 1291 2722 ἐπεὶ
1315 2684 1423 2719 LV¹G
1527 2687 1567 2718 20
1593 2681 1628 2720 δ)
1655 2684 1680 2719 C
1772 2679 1877 2728 ἅπαξ

222 2755 289 2780 om.
315 2745 381 2780 VR
494 2744 670 2791 ἐνφυλιόυ
700 2744 725 2778 C
753 2741 946 2789 ὁμοφύλου
970 2744 1001 2778 V
1135 2742 1363 2789 προέπεσον]
1388 2741 1420 2774 R
1445 2740 1685 2787 προσέπεσον
1708 2740 1871 2775 PAMVC

219 2799 429 2844 μετέπεσον
452 2800 482 2833 L
507 2801 714 2836 incidissent
739 2800 808 2834 Lat
898 2798 1105 2835 ἐπιτιθέναι
1121 2798 1151 2832 L
1246 2800 1287 2831 22
1310 2793 1548 2837 καταλύουσι]
1573 2793 1802 2831 καταλύσασι
1827 2806 1871 2830 ex

220 2856 296 2892 cod.
322 2856 425 2891 Voss.
450 2856 605 2891 Dindorf
694 2852 751 2895 τὸ]
777 2857 831 2901 τῷ
855 2854 1008 2889 Dindorf
