2039 3282
871 199 1060 234 Praefatio.
1660 202 1795 236 XXXV

134 310 354 364 probabile
394 317 457 352 est
494 324 565 352 eos
598 311 810 353 deteriora
841 315 1082 368 accepissc;
1123 329 1218 356 nam
1251 315 1346 357 aliis
1379 328 1545 368 quoque
1579 316 1681 359 locis
1713 330 1795 359 una

133 391 225 419 cum
258 378 342 420 illis
375 383 571 431 corrupta
602 377 770 420 tradunt
791 381 828 429 ¹).

245 444 331 487 Sed
370 458 422 486 ne
454 444 736 487 Laurentiano
778 447 901 489 nimis
942 448 1066 490 facile
1098 448 1340 502 credamus,
1382 462 1464 491 non
1502 452 1648 503 paucis
1680 453 1793 495 uitiis

130 519 172 555 et
203 513 597 567 interpolationibus
630 512 820 567 efficitur,
853 516 1004 568 quibus
1027 516 1205 557 infectus
1227 520 1302 568 est,
1335 529 1508 568 quarum
1531 532 1628 571 pars
1649 532 1675 560 a
1697 519 1792 561 doc-

129 581 235 622 tiore
267 581 409 633 aliquo
438 579 606 622 homine
630 580 760 622 inlata
782 595 873 624 esse
896 583 1120 634 uidetur'2),
1154 582 1195 623 id
1219 583 1329 635 quod
1354 584 1435 623 iam
1460 597 1586 636 supra
1608 598 1646 639 p.
1670 586 1793 627 XXV

129 648 283 701 insigni
305 648 502 701 exemplo
526 647 855 690 demonstratum
875 654 955 701 est,
981 649 1096 691 aliud
1116 655 1178 691 cst
1198 650 1308 702 quod
1329 664 1367 703 p.
1387 652 1480 702 457,
1506 654 1550 690 12
1570 658 1685 694 extat
1701 649 1788 694 ὗττὸ

127 712 277 766 Σόρων
308 715 378 755 καὶ
407 709 625 764 ζςίζωτίιον
657 716 895 768 suppletum
940 729 992 758 ex
1023 717 1118 758 Ant.
1150 717 1240 758 Iud.
1274 716 1330 757 VI
1368 721 1464 770 lsq.
1498 724 1537 759 ct
1568 733 1607 772 p.
1640 722 1733 772 304,
1779 725 1788 760 l

127 779 325 834 ἐρώντων
366 796 441 836 pro
475 780 816 834 ἐπιθυμούντων
847 785 1018 837 aliaque
1051 783 1258 826 eiusmodi
1290 784 1412 836 plura
1428 789 1471 833 ²¹¹).
1532 787 1606 827 sed
1642 787 1788 829 horum

127 863 295 903 quoque
335 849 446 891 haud
489 863 624 903 pauca
666 852 766 893 satis
799 852 974 904 antiqua
1003 850 1221 903 uidentur3
1260 863 1396 903 neque
1430 852 1539 893 enim
1572 854 1613 894 in
1646 855 1789 907 probis

126 917 282 969 solum,
324 930 468 959 uerum
509 918 634 959 etiam
676 917 718 959 in
758 918 964 972 corruptis
1005 921 1046 958 et
1084 918 1349 970 interpolatis
1380 931 1473 959 cum
1507 919 1788 963 Laurentiano

125 997 253 1038 saepe
281 985 488 1027 consentit
518 985 722 1038 interpres
744 985 931 1037 Latinus,
964 986 1080 1026 uelut
1109 998 1148 1038 p.
1174 986 1268 1037 339,
1300 987 1342 1025 17
1374 998 1449 1038 pro
1471 989 1732 1041 καθηγεῖται
1753 989 1787 1030 L

126 1066 217 1093 cum
243 1052 276 1093 V
299 1052 425 1094 habet
455 1050 662 1101 κατέθει,·
692 1051 747 1092 ad
779 1052 890 1093 idem
921 1052 1031 1093 redit
1050 1051 1236 1092 ‹leem-ric
1259 1052 1399 1094 Latini
1415 1055 1458 1102 ⁴).
1499 1054 1650 1095 Latino
1675 1054 1787 1097 haud

126 1133 218 1160 raro
251 1132 390 1161 comes
422 1120 664 1172 adiungitur
695 1119 978 1172 Hegesippus,
1011 1124 1056 1160 ut
1085 1132 1124 1173 p.
1159 1121 1253 1172 402,
1281 1121 1329 1160 18
1361 1133 1443 1161 non
1477 1118 1650 1175 ξίφεσιν
1681 1123 1722 1163 in
1756 1124 1787 1163 L

125 1186 314 1239 traditur,
348 1186 422 1228 sed
456 1183 634 1235 οἰστοῖς,
667 1185 780 1239 quod
805 1190 972 1227 uertunt
993 1190 1034 1228 et
1054 1187 1229 1229 Latinus
1252 1191 1293 1228 et
1313 1187 1598 1242 Hegesippus,
1631 1189 1784 1231 eidem-

124 1267 204 1307 que
226 1266 265 1307 p.
290 1256 383 1306 406,
409 1256 453 1294 19
477 1267 568 1295 cum
593 1253 626 1293 L
648 1252 883 1295 habuerunt
904 1266 1123 1295 numerum
1146 1252 1380 1308 τριάκοντα
1410 1255 1481 1296 καὶ
1508 1259 1784 1306 τριακοσίων,

121 1334 205 1363 non
237 1334 359 1374 quem
392 1321 542 1374 reliqui
575 1319 780 1362 exhibent
808 1320 961 1372 χιλίων
990 1324 1257 1374 τριακοσίων
1274 1325 1317 1371 5).

234 1389 376 1430 Pauca
396 1387 595 1430 addenda
617 1392 711 1430 sunt
733 1387 785 1429 de
809 1389 1128 1443 correctoribus,
1162 1403 1266 1443 quos
1287 1390 1321 1431 L
1342 1404 1492 1444 passus
1516 1396 1578 1433 est
1600 1391 1784 1433 maxime

121 1456 239 1498 duos.
291 1470 340 1498 ac
362 1456 498 1509 prima
527 1469 676 1497 manus
708 1456 892 1496 correxit
922 1469 1000 1498 nec
1031 1458 1163 1498 multa
1194 1470 1271 1499 nec
1302 1458 1588 1499 memoranda.
1640 1460 1784 1512 paullo

120 1523 335 1576 grauiores
366 1527 461 1565 sunt
492 1523 635 1564 uariae
666 1523 869 1565 lectiones
901 1524 1124 1578 quaedam,
1158 1538 1265 1578 quae
1297 1525 1455 1578 passim
1487 1525 1636 1568 eadem
1658 1540 1785 1568 manu

120 1596 318 1632 exaratae
349 1591 389 1631 in
421 1591 611 1643 margine
643 1594 801 1644 extant,
835 1591 950 1632 uelut
980 1605 1020 1644 p.
1058 1594 1146 1644 199,
1171 1593 1217 1645 83
1252 1594 1345 1644 406,
1374 1596 1443 1645 113
1477 1595 1571 1645 436,
1595 1595 1661 1647 20,
1694 1594 1783 1647 qui-

119 1659 194 1699 bus
235 1659 481 1712 plerumque
518 1671 678 1700 errores
718 1658 985 1700 librariorum
1027 1660 1312 1713 corriguntur,
1343 1673 1422 1702 nec
1460 1661 1548 1702 fere
1588 1661 1675 1702 ulla
1707 1667 1782 1713 est,

119 1738 226 1778 quae
276 1725 454 1768 alicuius
504 1726 557 1767 sit
608 1726 839 1779 grauitatis.
920 1727 1051 1768 multo
1101 1728 1224 1780 plura
1274 1741 1398 1781 quam
1451 1741 1598 1770 manus
1648 1729 1784 1781 prima

117 1795 301 1836 correxit
330 1794 416 1835 alia
446 1792 617 1835 saeculo
649 1793 736 1834 fere
766 1793 890 1846 XIV,
932 1807 1040 1846 quae
1071 1799 1144 1836 aut
1174 1801 1336 1837 textum
1367 1795 1555 1837 radendo
1588 1797 1655 1837 uel
1686 1809 1781 1850 sup-

116 1861 273 1914 plendo
295 1862 484 1913 mutauit,
517 1865 590 1902 aut
611 1861 752 1902 uarias
774 1861 978 1903 lectiones
1000 1863 1043 1903 in
1064 1864 1255 1916 margine
1277 1864 1429 1916 posuit.
1482 1863 1550 1904 hic
1572 1870 1781 1904 corrector

116 1941 213 1971 usus
254 1934 317 1971 est
355 1928 502 1970 codice
542 1929 584 1969 in
621 1928 812 1981 plurimis
853 1928 980 1970 simili
1020 1929 1116 1983 PA,
1164 1930 1372 1971 interdum
1412 1936 1552 1972 tamen
1592 1931 1781 1982 sequitur

115 1997 293 2038 alterum
332 2009 465 2050 genus
481 1998 510 2044 ὓ)
551 2000 623 2036 aut
662 1996 894 2037 commixta
930 2000 1107 2050 utraque
1139 1998 1384 2040 recensione
1414 2010 1527 2039 noua
1557 1997 1779 2046 effinxiti).

114 2077 260 2106 manus
301 2065 424 2106 tertia
459 2063 749 2106 recentissima
780 2064 856 2104 sub
888 2062 1014 2105 finem
1045 2066 1141 2106 libri
1173 2065 1253 2106 VH
1282 2078 1420 2119 pauca
1450 2065 1659 2117 quaedam
1691 2077 1778 2106 cor-

230 2212 259 2251 1)
283 2208 394 2243 ueluti
418 2220 454 2253 p.
481 2211 556 2250 383,
585 2210 624 2242 21
651 2209 687 2240 et
710 2217 745 2250 p.
774 2209 853 2250 540,
884 2210 896 2241 1
928 2213 1098 2251 corrupta
1124 2208 1210 2243 dant
1234 2210 1374 2249 PAVR,
1409 2214 1444 2243 et
1468 2209 1529 2242 uix
1554 2217 1678 2241 uerum
1703 2217 1781 2242 esse

113 2267 242 2310 potest,
274 2265 368 2310 quod
399 2276 433 2309 p.
462 2267 537 2305 539,
564 2267 583 2298 9
613 2266 710 2297 extat
741 2263 777 2296 in
802 2263 962 2298 PAVRC
987 2275 1114 2298 nomen
1141 2263 1344 2312 Βαθεχιὲιρ,
1377 2274 1589 2309 quamquam
1623 2263 1779 2297 dubitari

112 2325 241 2366 potest,
260 2322 391 2356 numid
409 2321 502 2365 quod
520 2331 562 2354 ex
579 2320 607 2354 L
624 2320 822 2363 recepimus
836 2322 1061 2367 Βηθεζουβᾶ
1078 2332 1201 2356 uerum
1215 2324 1272 2356 sit.
1297 2329 1334 2356 at
1351 2323 1425 2355 sine
1443 2321 1551 2354 dubio
1571 2324 1778 2364 corruptum

114 2384 169 2412 est
192 2389 227 2422 p.
248 2381 360 2419 400,1
387 2375 577 2413 ἐκόλασαν
603 2376 697 2419 quod
721 2376 867 2410 tradunt
886 2377 1025 2411 PAVR.
1069 2378 1220 2422 denique
1245 2377 1432 2412 memorari
1456 2380 1575 2421 potest
1600 2387 1634 2419 p.
1662 2378 1739 2419 334,
1757 2380 1777 2410 4

113 2435 224 2469 uerba
249 2434 422 2479 quaedam
448 2433 562 2468 omitti
586 2432 623 2466 in
647 2431 763 2475 PAR3
791 2433 851 2466 sed
877 2432 934 2466 hic
961 2443 1155 2469 consensus
1180 2434 1350 2469 fortuitus
1375 2443 1452 2467 esse
1477 2436 1606 2476 potest.

114 2493 146 2532 2)
164 2491 271 2525 talem
289 2490 462 2525 habemus
480 2501 514 2533 p
529 2492 605 2530 396,
621 2491 652 2530 5,
672 2488 734 2522 ubi
747 2489 876 2532 legitur
891 2490 954 2524 καὶ
971 2503 1039 2535 την
1056 2487 1174 2526 ιιι-τοῦ
1192 2504 1286 2535 στρι
1292 2488 1375 2526 τιὰν
1388 2511 1429 2514 -
1445 2488 1778 2535 ἐρρωμενέστερον

114 2544 433 2589 dgscv.12habet
458 2543 526 2592 ἄρ
516 2549 585 2582 ειν
611 2549 646 2578 et
662 2544 697 2578 in
714 2545 872 2588 margine
897 2555 1004 2579 manu
1021 2547 1135 2590 prima
1151 2549 1259 2581 haec:
1287 2546 1320 2583 εἰ
1341 2547 1411 2591 μὲν
1435 2544 1777 2591 ἐρρωμενέστερον,

112 2599 257 2649 α’ρξειν,
282 2603 316 2639 εἰ
338 2603 376 2639 δὲ
400 2600 752 2649 ἐρρωμενεστέραν,
777 2598 883 2643 ἕξειν.
937 2599 1031 2644 «ἕξειν
1056 2614 1150 2637 nunc
1175 2608 1273 2637 extat
1296 2604 1332 2637 in
1356 2605 1409 2644 A,
1441 2600 1777 2647 ἐρρωμενεστέραν

113 2660 248 2693 anullo
266 2659 428 2693 traditur
501 2662 533 2699 3)
552 2657 634 2692 uide
650 2661 890 2702 praetereap.
911 2660 988 2699 362,
1011 2660 1067 2702 133
1085 2661 1163 2700 437,
1187 2662 1244 2703 123
1272 2663 1330 2703 213
1357 2662 1432 2701 438,
1455 2663 1511 2701 103
1539 2660 1616 2699 471,
1636 2660 1670 2700 7;
1697 2660 1774 2698 472,

112 2717 173 2758 233
191 2718 268 2757 486,
286 2720 318 2752 9.
355 2727 387 2760 p.
407 2718 483 2757 330,
502 2717 520 2749 8
539 2715 621 2749 olim
638 2713 674 2747 in
691 2713 721 2747 L
740 2713 861 2748 eadem
878 2714 998 2749 addita
1015 2718 1119 2750 erant
1136 2726 1226 2759 quae
1236 2686 1341 2749 addit
1359 2714 1400 2749 V.
1437 2714 1588 2758 denique
1603 2723 1676 2747 non
1692 2723 1774 2748 raro

111 2771 147 2805 in
172 2771 247 2805 solo
273 2771 302 2804 L
326 2771 479 2805 traditur
503 2765 682 2817 ηὕρισκον
705 2772 741 2804 et
765 2769 912 2813 similia,
937 2781 1008 2805 non
1033 2765 1209 2817 εὕρισκον
1234 2771 1327 2813 (uide
1351 2781 1386 2815 p.
1413 2774 1488 2811 449,
1515 2772 1576 2813 23;
1602 2771 1680 2810 495,
1709 2772 1774 2811 17),

113 2826 207 2869 quod
229 2831 347 2870 potest
370 2837 494 2862 uerum
517 2837 607 2869 esse,
630 2829 750 2870 potest
773 2836 794 2861 a
819 2831 1020 2862 correctore
1043 2828 1223 2863 inuectum
1242 2838 1334 2873 esse3
1358 2827 1497 2871 aliaque
1514 2829 1606 2868 sunt,
1631 2826 1666 2860 in
1684 2835 1774 2869 quae

111 2883 314 2916 accuratius
336 2882 583 2926 inquirendum
607 2886 673 2918 est.
802 2886 835 2924 4)
860 2883 907 2917 cf.
931 2894 968 2926 p.
995 2886 1071 2927 431,
1098 2888 1134 2928 4;
1162 2888 1238 2927 500,
1266 2888 1322 2929 173
1349 2887 1426 2926 537,
1453 2887 1484 2918 9.
1611 2885 1644 2925 5)
1669 2892 1712 2916 ex
1735 2886 1771 2931 ,12

111 2948 313 2983 factumest
330 2951 362 2983 λ.
434 2951 465 2991 u)
484 2960 518 2993 p.
536 2953 664 2993 146‚3;
695 2952 820 2992 162‚e;
848 2952 924 2992 232,
939 2954 970 2985 3.
1045 2954 1076 2992 7)
1094 2953 1295 2994 p.158,20;
1326 2953 1451 2994 161‚1;
1480 2952 1769 2993 190‚193273‚i.

1451 3007 1498 3041 C*
