2018 3236
100 380 177 418 155

106 848 182 887 156

108 1251 185 1290 157

108 1451 187 1492 158

207 130 287 166 184
634 125 701 159 DE
726 123 884 158 BELLO
909 121 1005 157 IUD.
1029 122 1065 156 II
1091 123 1265 157 154-158
1291 122 1362 161 (vm
1391 121 1443 162 ῃ)

208 238 462 287 ἀθανάτους
485 234 551 279 ἀεὶ
575 237 807 289 διαμένειν,
839 236 912 277 καὶ
935 234 1271 287 συμπλέκεσθαι
1301 232 1379 286 μὲν
1411 232 1455 274 ἐκ
1485 234 1561 274 τοῦ
1593 233 1862 276 λεπτοτάτου

211 306 436 365 φοιτώσας
468 303 650 357 αἰθέρος
682 297 833 358 ὥσπερ
866 302 1055 356 εἱρκταῖς
1076 309 1169 350 τοῖς
1200 299 1400 353 σώμασιν
1430 299 1546 378 ἰἰ-γγί
1576 316 1661 342 τινι
1701 303 1861 356 φυσικῇ

207 374 573 425 κατασπωμένας,
616 369 796 412 ἐπειδὰν
829 370 875 411 δὲ
907 365 1105 411 ἀνεθῶσι
1135 374 1221 409 τῶν
1251 366 1360 409 κατὰ
1392 367 1530 422 σάρκα
1562 367 1751 420 δεσμῶν,
1790 366 1863 409 οἷα

212 442 261 498 δι]Ι
284 441 450 494 μακρᾶς
473 433 715 487 δουλείας
694 456 733 479 α
732 438 1032 493 τηλλαγμένας
1051 434 1151 477 τότε
1168 438 1336 487 χαίρειν
1360 436 1432 477 καὶ
1462 433 1704 488 μετεώρους
1735 437 1863 490 φέρε-

212 514 336 551 σθαι.
394 507 467 548 καὶ
504 513 603 554 ταῖς
640 504 718 559 μὲν
760 501 953 560 ἀγαθαῖς
984 501 1297 557 ὁμοδοξοῦντες
1327 502 1484 543 παισὶι
1511 498 1720 558 Ἑλλήνων
1751 497 1865 544 ἀπο-

211 578 445 632 φαίνονται
482 572 559 628 τὴν
597 569 708 627 ὑπὲρ
739 567 929 614 ὠκεανὸν
969 570 1141 613 δίαιταν
1181 566 1454 611 αποκεῖσθαι
1490 569 1562 610 καὶ
1599 571 1737 623 χῶρον
1769 565 1866 611 ου’τε

211 641 416 723 ὄμβροις
415 638 514 684 ου’τε
535 648 729 696 νιφετοῖς
752 636 850 681 οἰτε
870 637 1061 692 καύμασι
1081 635 1388 692 βαρυνόμενον,
1415 631 1512 677 αλλ
1538 634 1587 677 ὂν
1611 634 1657 685 ἐξ
1676 631 1866 678 ὠκεανοῦ

212 710 356 766 τραῖς
395 705 463 751 ἆεὶ
505 707 687 765 ζέφυρος
728 706 951 749 επιπνεων
990 701 1226 759 αιαψύχει·
1264 712 1361 752 ταῖς
1392 702 1438 745 δὲ
1469 702 1660 759 φαύλαις
1691 702 1863 760 ζοφώδη

212 780 285 821 καὶ
318 779 538 831 χειμέριον
578 771 865 830 ἀφορίζονται
904 772 1037 826 μυχὸν
1077 775 1264 827 γέμοντα
1302 771 1525 824 τιμωριῶν
1556 768 1865 813 ἀδιαλείπτων.

215 847 391 888 δοκοῦσι
431 844 478 885 δέ
514 859 593 896 μοι
621 839 731 883 κατὰ
761 840 839 895 τὴν
871 836 1003 894 αυτὴν
1033 839 1203 882 ἔινοιαν
1221 833 1422 894 Έλληνες
1451 846 1544 887 τοῖς
1573 853 1619 879 τε
1652 833 1867 891 ανδρείοις

214 909 377 963 αι’-τῶν,
425 910 499 960 οὓς
537 905 682 966 ἥρωας
719 909 791 951 καὶ
829 905 1042 963 ἡμιθέους
1081 907 1306 957 καλοῦσιν,
1353 904 1431 954 τὰς
1469 904 1674 959 μακάρων
1712 904 1866 962 ντσους

213 977 558 1030 ἀνατεθεικέναι,
589 985 686 1026 ταῖς
707 976 751 1017 δὲ
773 977 858 1017 τῶν
888 976 1091 1031 πονηρῶν
1122 981 1283 1028 ψυχαῖς
1312 969 1419 1015 καθ
1456 971 1561 1014 ἕέδου
1591 971 1666 1015 τὸν
1698 968 1866 1026 ἀσεβῶν

210 1050 372 1103 χῶρον,
413 1045 525 1088 ἔνθα
562 1046 634 1087 καὶ
665 1042 978 1096 κολαζομένους
1007 1040 1129 1090 τινὰς
1159 1040 1504 1096 μυθολογοῦσιν,
1544 1039 1765 1095 Σισύφους
1795 1041 1866 1081 καὶ

220 1113 470 1162 Ταντάλους
511 1108 695 1162 Ἰξίονάς
729 1127 776 1153 τε
805 1111 875 1152 καὶ
913 1108 1114 1160 Τιτυούς,
1154 1110 1331 1163 πρῶτον
1362 1107 1440 1161 μὲν
1471 1103 1641 1156 ἀιδίους
1678 1104 1867 1162 ὑφιστά-

215 1197 339 1236 μενοι
378 1178 458 1229 τὰς
496 1178 660 1234 ψυχάς,
701 1177 854 1220 ἔπειτα
894 1176 956 1226 εἷς
994 1174 1251 1230 προτροπὴν
1288 1170 1444 1230 ἀρετῆς
1472 1177 1544 1217 καὶ
1574 1178 1725 1223 κακίας
1757 1169 1870 1216 ἆπο-

217 1248 399 1304 τροπήν.
456 1246 558 1297 τούς
596 1262 643 1288 τε
681 1243 762 1300 γὰρ
802 1240 999 1299 ἀγαθοὺς
1037 1246 1243 1298 γίνεσθαι
1280 1241 1389 1284 κατὰ
1427 1242 1503 1284 τὸν
1537 1246 1634 1297 βίον
1666 1237 1870 1295 ἀμείνους

219 1315 368 1358 ἐλπίδι
406 1316 534 1370 τιμῆς
573 1318 641 1355 καὶ
672 1310 782 1366 μετὰ
812 1310 889 1366 τὴν
919 1310 1142 1392 τελειτΊΞν,
1181 1312 1268 1351 τῶν
1298 1326 1345 1351 τε
1375 1311 1515 1351 κακῶν
1545 1308 1871 1363 εμποδίζεσθαι

219 1382 296 1433 τὰς
335 1379 474 1437 ὁρμὰς
514 1380 601 1422 δέει
646 1377 1014 1433 προσδοκώντων
1055 1378 1092 1420 εἷ
1131 1378 1202 1419 καὶ
1245 1377 1429 1419 λάθοιεν
1461 1376 1503 1419 ἐν
1533 1378 1596 1432 τῶ
1629 1376 1700 1431 ζῆν
1712 1411 1722 1428 ,
1761 1375 1870 1431 μετὰ

218 1449 295 1505 vifis
335 1449 533 1492 διάλυσιν
564 1443 791 1488 αθάνατον
820 1449 1035 1499 τιιιωρίαν
1064 1442 1251 1501 ὗφέξειν.
1300 1446 1436 1486 ταῦτα
1466 1444 1544 1497 μὲν
1576 1442 1650 1486 οὑν
1673 1439 1869 1500 Εσσηνοὶ

216 1519 321 1573 περὶ
362 1518 500 1571 ψυχῆς
539 1515 826 1569 θεολογουσιν
874 1510 1065 1569 ἄφυκτον
1107 1512 1258 1567 δέλεαρ
1297 1521 1389 1561 τοῖς
1434 1508 1555 1561 ἅπαξ
1589 1514 1872 1566 γευσαμένοις

217 1588 293 1640 τῆς
324 1587 486 1639 σοφίας
518 1577 660 1624 αὐτῶν
690 1584 932 1630 καθιέντες.

334 1739 355 1782 ξ
381 1741 445 1773 154
462 1738 508 1773 cf.
534 1739 618 1772 Ant.
642 1737 719 1772 Iud.
745 1736 866 1771 XVIII
895 1738 948 1770 18.

333 1881 868 1926 PAMLVRCLatPorphyrius
898 1881 941 1915 de
973 1880 1102 1915 abstin.
1128 1880 1178 1914 IV
1197 1882 1236 1913 13
1262 1879 1440 1914 Eusebius
1470 1888 1590 1923 praep.
1626 1888 1751 1921 euang.
1776 1878 1827 1912 IX
1854 1882 1874 1913 3

222 1939 402 1974 Cedrenus
426 1939 442 1972 Ι
466 1950 500 1982 p.
528 1942 591 1972 350
617 1938 729 1972 Bonn.

336 1998 350 2028 1
386 1991 632 2034 λεπτοτάτου]
663 1992 1040 2036 LVRGLatPorphyr
1074 1989 1344 2037 λαμπροτάτου
1375 1990 1478 2024 ΡΑΜ
1628 1993 1647 2024 2
1673 1984 1801 2036 ὥσπερ
1831 2010 1875 2016 -

223 2055 241 2085 3
266 2050 577 2094 κατασπωμένας]
604 2046 699 2095 ῥύμῃ
724 2051 857 2094 φυσικῇ
881 2047 1181 2091 κατασπωμένας
1205 2046 1365 2090 Porphyr
1456 2045 1623 2092 εἰρκταῖσ
1645 2046 1784 2081 PL¹VC

222 2106 329 2152 ἴυγγι]
354 2104 462 2152 ἴλιγγι
486 2106 513 2139 Ρ
536 2103 647 2151 ἳλιγγι
670 2104 703 2138 Α
727 2103 843 2150 ἴλυγγι
868 2104 917 2138 V¹
934 2103 1099 2138 illecebra
1121 2103 1192 2137 Lat
1298 2105 1379 2142 τινι]
1406 2115 1476 2138 τινι
1500 2105 1545 2146 τῆ
1562 2102 1641 2135 L¹V
1755 2104 1773 2136 3
1801 2099 1877 2143 οἷα]

224 2159 308 2199 οἷον
331 2161 668 2205 AMLVRPorphyr
785 2163 805 2193 4
830 2156 1097 2206 οἷπηλαγμένασ
1120 2158 1215 2192 A¹C¹
1325 2161 1343 2191 5
1367 2160 1430 2193 καὶ
1453 2178 1497 2182 —-
1523 2161 1561 2192 21
1589 2158 1783 2200 καθιέντες
1807 2168 1874 2193 om.

226 2218 388 2262 Porphyr
505 2214 804 2261 ὁμοδοξοῦνταισ
828 2217 859 2249 A
973 2217 1112 2255 παισὶν]
1137 2214 1321 2248 sententiis
1344 2214 1413 2247 Lat
1526 2209 1810 2259 ἅποφαίνονται
1833 2234 1874 2238 —-

226 2278 245 2309 6
272 2270 512 2314 ἀποκεῖσθαι]
536 2273 776 2318 pronuntiant
799 2271 895 2306 ultro
920 2281 1091 2306 oceanum
1115 2270 1254 2314 deflere,
1279 2270 1406 2304 ubz'ez‘s
1421 2270 1469 2304 sit
1491 2270 1650 2314 reposita
1668 2270 1877 2315 perfructio

225 2330 295 2364 Lat
432 2332 451 2363 6
477 2324 719 2370 ἀποκεῖσθαι]
745 2326 961 2364 οἷπωκίσθαι
992 2327 1031 2361 Μ
1055 2322 1297 2363 ἄποικεῖσθαι
1321 2325 1353 2359 V
1497 2329 1514 2359 7
1543 2321 1588 2361 ὂν
1611 2336 1679 2360 om.
1703 2325 1766 2358 PA

1897 845 1934 877 10

1900 1181 1937 1212 15

1902 1528 1941 1560 20

230 2389 268 2419 10
293 2382 465 2431 ἐπιψὺχει
482 2385 521 2418 Μ
613 2387 632 2419 9
655 2379 883 2429 ιῖᾳοριζοντε
900 2383 932 2416 Α
1021 2379 1159 2427 μοιχὸν
1175 2382 1207 2415 Α
1321 2381 1496 2426 γέμοντα,
1519 2394 1594 2425 μον
1609 2382 1630 2415 i.
1649 2391 1720 2417 ras,
1743 2381 1877 2417 minore
1922 2378 1923 2381 ’

226 2452 272 2475 m.
299 2444 317 2475 2
334 2441 366 2476 V
480 2440 645 2486 γέμοντα
671 2460 713 2464 -
739 2434 998 2480 α’διαλείπτων]
1023 2438 1129 2480 (loca)
1146 2437 1259 2482 plena
1283 2436 1471 2481 qemitibus
1494 2436 1777 2472 exercendarum
1801 2437 1879 2471 sine

224 2498 299 2541 fine
309 2507 515 2542 poenarum
532 2497 603 2530 Lat
676 2499 712 2529 11
741 2491 876 2537 αὐτῶν,
900 2498 932 2530 ὦ
957 2505 1047 2530 corr.
1073 2504 1115 2528 ex
1134 2496 1178 2529 οὗ
1201 2492 1271 2527 uid.
1289 2492 1321 2524 A
1401 2494 1464 2527 καὶ
1488 2502 1554 2526 om.
1582 2492 1659 2527 cod.
1679 2492 1822 2527 Coislin.

229 2584 442 2632 μακάρων,
468 2595 558 2621 eras.
577 2601 587 2621 ι
604 2587 637 2619 Α
744 2587 783 2618 12
808 2565 1094 2621 ιῖΊπῖτεθεικέιαι
1120 2583 1145 2616 C
1236 2578 1316 2621 τὸν]
1342 2584 1417 2616 τῶν
1441 2581 1535 2615 PLV
1558 2578 1627 2616 τὸν
1651 2585 1728 2617 τῶν
1750 2581 1788 2615 Μ

231 2646 271 2677 13
288 2645 351 2677 καὶ
375 2653 442 2676 om.
467 2642 497 2676 L
638 2645 678 2676 14
700 2637 853 2683 Ἰξίονάς
876 2643 930 2681 τε]
954 2636 1108 2685 ἦξιόνάσ
1133 2651 1173 2674 τε
1197 2638 1223 2672 Ρ
1248 2639 1308 2673 καὶ
1334 2637 1478 2679 ἰξίονασ
1507 2636 1555 2678 (lg
1575 2638 1597 2671 i.
1623 2647 1693 2671 ras.
1726 2648 1772 2671 m.
1803 2639 1822 2671 2
1846 2636 1879 2670 V

230 2697 384 2739 ἰξίωνασ
409 2698 447 2740 C)
478 2697 603 2732 LVRC
742 2692 910 2732 τιτοιοὺσ
934 2694 961 2728 Ρ
1098 2690 1253 2735 α’ϊδίουσ,
1277 2706 1298 2728 υ
1321 2702 1366 2727 ex
1390 2708 1402 2727 ι
1427 2703 1516 2727 corr.
1542 2703 1589 2727 m.
1615 2695 1634 2726 2
1656 2692 1685 2725 L
1778 2694 1879 2736 πρῶ-

228 2766 296 2789 τον
319 2753 399 2799 μὲν]
420 2753 603 2798 principio
628 2753 698 2787 Lat
835 2754 874 2784 15
901 2747 1041 2791 ἔπειτα]
1066 2751 1188 2794 utique
1211 2750 1281 2783 Lat
1395 2747 1457 2789 εἰς]
1483 2743 1538 2783 ὠσ
1562 2747 1589 2781 Ρ
1730 2749 1769 2782 18
1794 2747 1879 2788 δέει]

229 2811 283 2844 τῶ
308 2808 378 2844 δέει
403 2809 464 2843 VC
602 2805 899 2854 προσδοκόντων
931 2806 958 2840 Ρ
1095 2804 1147 2847 ἐν]
1179 2816 1207 2840 s.
1233 2807 1266 2839 A
1291 2814 1357 2840 om.
1391 2804 1417 2838 C
1571 2806 1611 2838 19
1636 2806 1766 2844 ταῦτα]
1791 2800 1878 2839 τάδε

229 2864 389 2900 ALVRC
483 2867 521 2898 21
549 2862 756 2905 καθιέντες]
781 2859 1025 2909 ἐγκαθιέντεσ
1049 2860 1175 2896 LVRC
1199 2860 1280 2895 fort.
1306 2859 1437 2894 rectius
