2018 3236
115 1043 194 1083 228

116 1246 196 1284 229

119 1515 199 1555 230

226 126 304 162 198
629 124 695 158 DE
719 122 876 156 BELLO
901 122 998 157 IUD.
1023 122 1057 156 11
1082 123 1258 156 224-230
1283 123 1344 164 (XII
1372 128 1401 155 1.
1428 125 1460 162 2)

225 236 374 294 φωνὴν
421 233 578 288 ὁμοίαν
627 232 950 289 επεφθέγξατο.
1008 232 1122 287 πρὸς
1167 235 1297 275 τοῦτο
1340 228 1460 275 ἷὶπαν
1498 234 1577 286 μὲν
1611 232 1660 275 τὸ
1702 235 1879 290 πλῆθος

223 301 537 361 ηγανάκτησεν,
577 303 649 343 καὶ
687 300 908 353 κατεβόων
947 303 1024 342 τοῦ
1054 301 1289 353 Κουμανοῦ
1326 299 1522 351 κολάζειν
1559 298 1635 342 τὸν
1666 301 1880 354 στρατιώ-

222 388 319 427 την,
360 369 402 410 οἱ
444 368 490 409 5&
528 371 659 422 ἡττον
698 366 909 424 νήφοντες
947 369 1034 409 τῶν
1073 372 1181 410 νέων
1220 368 1290 409 καὶ
1322 365 1370 408 τὸ
1405 366 1537 423 φύσει
1567 368 1809 418 στασιῶδες
1839 368 1882 410 ἐκ

222 439 299 479 τοῦ
339 436 496 484 ε’θνους
537 433 722 488 ἐχώρουν
762 433 838 476 ἐπὶ
877 433 1016 490 μάχην
1066 435 1224 482 λίθους
1261 449 1308 475 τε
1348 431 1627 488 ἁρπάσαντες
1667 433 1742 476 ἐπὶ
1780 434 1882 484 τοὺς

226 502 500 556 στρατιώτας
538 501 733 555 ἔβαλλον.
792 502 864 543 καὶ
895 500 1128 554 Κουμανὸς
1167 501 1317 550 δείσας
1354 501 1411 558 μὴ
1451 503 1528 542 τοῦ
1569 502 1675 543 λαοῦ
1714 501 1883 551 παντὸς

224 566 298 611 ἐπ’
342 565 474 611 αὐτὸν
513 566 624 625 ὁρμὴ
656 571 847 624 γένοιτο,
889 569 1070 618 πλείους
1101 565 1289 617 ὁπλίτας
1317 571 1669 621 μεταπέμπεται.
1721 570 1806 610 τῶν
1837 569 1884 610 δὲ

225 645 324 685 ταῖς
371 645 523 685 στοαῖς
563 635 856 689 ἐπιχεομένων
897 634 1038 690 φόβος
1079 634 1292 687 ἐμπίπτει
1328 643 1422 683 τοῖς
1453 630 1683 684 Ἰουδαίοις
1721 631 1885 678 ἀκατά-

229 718 390 755 σχετος,
412 704 484 745 καὶ
505 702 745 759 τραπέντες
766 702 811 744 ἐκ
829 705 907 745 τοῦ
930 702 1048 756 ἱεροῦ
1069 702 1298 758 διέφευγον
1320 701 1383 751 εἷς
1402 700 1479 756 τὴν
1500 701 1646 744 πόλιν.
1694 704 1884 758 τοσαύτη

225 770 271 811 δὲ
301 773 405 824 περὶ
434 768 514 820 τὰς
549 765 725 819 ἐξόδους
754 774 832 824 βία
868 772 1218 823 συνωθουμένων
1249 768 1428 824 ἐγένετο,
1461 763 1574 810 ὥστε
1602 773 1887 826 πατηθέντας

222 833 303 879 ὑπ)
341 833 540 891 ἀλλήλων
570 838 641 879 καὶ
674 840 980 891 συντριβέντας
1011 833 1121 890 ὑπὲρ
1151 839 1436 891 τρισμυρίους
1468 833 1737 888 ἀποθανεῖν,
1767 839 1884 892 γενέ-

226 908 339 947 σθαι
379 904 425 947 5&
463 903 541 961 τὴν
581 903 734 961 ἑορτὴν
773 907 943 953 πένθος
981 903 1060 957 μὲν
1099 901 1188 959 ὅλῳ
1227 905 1289 958 τῷ
1328 902 1452 945 ἔθνει
1485 905 1652 958 θρῆνον
1691 904 1737 946 δὲ
1773 899 1881 946 καθ>

225 971 407 1029 ἑκάστην
439 972 593 1014 οἰκίαν.

340 1043 378 1081 2.
425 1038 770 1092 ,Μετελάμβανεν
816 1038 862 1080 5&
900 1037 1060 1094 ταύτην
1098 1037 1176 1093 τὴν
1219 1036 1450 1094 συμφορὰν
1489 1034 1620 1087 ἄλλος
1659 1038 1888 1094 λῃστρικὸς

228 1106 436 1160 θόρυβος.
501 1105 610 1148 κατὰ
649 1105 730 1161 γὰρ
768 1105 845 1161 τὴν
878 1103 1102 1158 Βαιθωρὼ
1135 1105 1349 1161 δημοσίαν
1380 1102 1483 1148 ὁδὸν
1513 1105 1740 1162 Στεφάνου
1769 1105 1888 1156 τινὸς

229 1173 385 1215 δούλου
416 1178 642 1228 Καίσαρος
681 1169 929 1229 ἀποσκευὴν
963 1171 1247 1228 κομιζομένην
1279 1172 1530 1228 διήρπασαν
1562 1174 1714 1229 λῃσταὶ
1747 1188 1887 1226 προσ-

228 1240 452 1290 πεσόντες.
510 1240 743 1294 Κουμανὸς
782 1240 828 1282 5&
868 1243 1160 1294 περιπέμψας
1188 1238 1290 1290 τοὺς
1322 1239 1366 1282 ἐκ
1394 1243 1481 1282 τῶν
1513 1241 1702 1291 πλησίον
1730 1242 1887 1294 κωμῶν

229 1306 456 1360 δεσμώτας
487 1307 705 1349 ἐκέλευσεν
737 1303 984 1362 ἀνάγεσθαι
1015 1305 1128 1361 πρὸς
1159 1302 1303 1359 αὐτόν,
1341 1307 1562 1350 ἐπικαλῶν
1592 1302 1661 1350 ὅτι
1690 1306 1748 1362 μὴ
1783 1307 1886 1349 διώ-

230 1372 378 1423 ξαντες
415 1373 515 1424 τοὺς
555 1372 716 1431 λῃστὰς
756 1374 1027 1428 συλλάβοιεν.
1083 1373 1195 1416 ἔνθα
1224 1377 1311 1417 τῶν
1343 1377 1623 1429 στρατιωτῶν
1652 1391 1719 1424 τις
1750 1371 1887 1428 εὑρών

231 1439 273 1481 ἔν
311 1457 399 1482 τινι
444 1441 564 1497 κώμῃ
604 1440 680 1484 τὸν
721 1441 837 1496 ἱερὸν
877 1441 1009 1494 νόμον
1060 1441 1280 1497 διέρρηξέν
1327 1459 1374 1485 τε
1412 1441 1460 1484 τὸ
1500 1443 1674 1496 βιβλίον
1713 1444 1785 1484 καὶ
1825 1441 1887 1491 εἷς

231 1509 318 1562 πῦρ
356 1509 605 1562 κατέβαλεν.
659 1504 864 1551 Ἰουδαῖοι
903 1508 949 1550 5&
988 1505 1045 1558 ὡς
1076 1504 1179 1564 ὅλης
1211 1509 1359 1559 αὐτοῖς
1389 1512 1465 1566 τῆς
1492 1509 1636 1565 χώρας
1666 1510 1885 1565 καταφλε-

229 1578 376 1630 γείσης
415 1575 735 1632 συνεχύθησαν,
780 1577 852 1617 καὶ
890 1575 1098 1630 καθάπερ
1136 1572 1305 1632 ὀργάνῳ
1346 1579 1433 1619 τινὶ
1469 1579 1525 1633 τῇ
1565 1577 1888 1632 δεισιδαιμονίᾳ

232 1641 536 1695 συνελκόμενοι
575 1642 687 1698 πρὸς
717 1643 761 1684 ἓν
789 1642 983 1699 κηρυγμα
1013 1642 1176 1692 πάντες
1208 1643 1269 1693 εἰς
1298 1643 1572 1698 Καισάρειαν
1603 1643 1679 1687 ἐπὶ
1709 1648 1888 1697 Κουμα-

232 1706 305 1749 νὸν
341 1709 609 1763 συνέδραμον
642 1708 901 1758 ἱκετεύοντες
931 1709 1008 1752 τὸν
1039 1704 1177 1759 οὕτως
1207 1710 1269 1760 εἰς
1298 1710 1375 1753 τὸν
1405 1710 1515 1753 θεὸν
1545 1712 1616 1752 καὶ
1648 1709 1724 1752 τὸν
1755 1709 1887 1763 νόμον

346 1846 367 1889 g
392 1847 456 1879 225
474 1860 517 1874 =
534 1844 615 1879 Ant.
641 1843 719 1878 Iud.
743 1843 811 1877 XX
839 1846 912 1878 108.

344 1970 842 2011 PAMLVRCLatEusebius
866 1977 948 2011 hist.
973 1977 1061 2011 eccl.
1086 1975 1121 2008 ΙΙ
1148 1976 1200 2008 19.

346 2030 359 2060 1
387 2026 674 2074 ἐπεμφθέγξατο
701 2033 749 2065 Αι
774 2028 1040 2078 ἀπεφθέγξατο
1067 2031 1104 2065 Μ
1218 2020 1333 2066 απαν]
1366 2026 1444 2060 πᾶν
1468 2024 1532 2058 LV
1534 2023 1595 2058 RC
1721 2022 1792 2068 μὲν
1816 2036 1886 2060 om.

228 2082 328 2117 ΙᾹΒ,
419 2082 635 2131 κατεβόουν
659 2086 685 2120 C
790 2091 982 2132 κουαανοῦ
1007 2098 1050 2122 ex
1073 2086 1243 2130 κομανοῦ
1269 2091 1359 2116 corr.
1385 2080 1417 2113 A
1441 2077 1633 2123 κουαάνου
1656 2080 1783 2115 LVRC

230 2141 249 2173 3
282 2142 505 2175 στασιῶιδεσ
534 2141 583 2176 V¹
718 2146 739 2176 4
774 2141 944 2189 ἐχώρουν
983 2141 1044 2179 ἐπὶ
1072 2140 1206 2187 μάχην]
1239 2149 1274 2173 m
1306 2137 1400 2171 litem
1439 2137 1693 2181 qraui'sszmam
1719 2136 1890 2182 prosilie—

230 2194 317 2229 bant
339 2195 409 2230 Lat
537 2195 609 2238 ἐπὶ]
635 2197 692 2233 εἰσ
715 2199 877 2234 ALVRC
1015 2203 1033 2233 5
1057 2196 1253 2241 κοίμανοσ
1278 2192 1423 2234 LVRC,
1456 2193 1539 2226 item
1564 2203 1600 2228 u.
1627 2195 1667 2226 16
1782 2195 1802 2227 6
1826 2188 1890 2228 ἐπ’

230 2246 347 2286 αὐτὸν
371 2261 439 2286 om.
459 2251 485 2284 C
594 2256 610 2286 7
635 2252 877 2300 ἐπεχομένων
895 2256 921 2290 C
1026 2250 1297 2296 ακατάσχετος]
1322 2259 1450 2294 {Imm-5
1476 2248 1546 2282 Lat
1650 2251 1668 2282 8
1694 2247 1890 2294 διέφευγον

231 2316 322 2341 corr.
349 2316 392 2340 ex
416 2305 626 2354 διαφεύγων
648 2309 679 2343 L
704 2311 876 2357 διέφυγον
899 2311 932 2345 V
1026 2310 1077 2351 εἰς
1102 2307 1169 2354 τὴν
1193 2305 1303 2343 πόλιν
1328 2315 1396 2339 om.
1422 2306 1490 2338 Lat
1574 2306 1593 2344 ξ
1620 2306 1684 2338 227
1711 2304 1890 2348 excerpsit

230 2362 352 2396 Euseb
458 2366 497 2396 10
521 2359 598 2406 ὑπ’]
626 2360 696 2400 ἀπ’
720 2365 752 2400 R
777 2364 874 2411 πρὸς
898 2366 1019 2401 Euseb
1130 2363 1383 2409 τρισμυρίους]
1410 2359 1586 2394 PAMLat
1610 2359 1703 2396 τοὺσ
1727 2361 1888 2405 μυρίουσ

231 2418 358 2452 LVRC
382 2425 483 2464 τρεῖς
506 2418 687 2466 μυριάδας
710 2422 830 2457 Euseb
944 2425 981 2457 11
1009 2418 1061 2463 δὲ]
1087 2434 1127 2457 τε
1152 2419 1270 2454 Euseb
1397 2413 1480 2460 μὲν]
1511 2414 1552 2451 ἓν
1575 2416 1605 2450 L
1731 2418 1887 2462 θρῆνον]

232 2474 462 2509 PAMEuseb
495 2479 641 2522 θρῆνοσ
673 2477 799 2512 LVRC
924 2480 1068 2523 θρῆνον
1092 2496 1135 2502 -
1164 2478 1203 2510 12
1236 2474 1370 2513 οἰκίαν]
1402 2477 1436 2506 et
1459 2471 1636 2517 planctus
1663 2482 1732 2516 per
1761 2471 1889 2506 domos

232 2530 396 2574 sinqulas
417 2532 639 2576 personabat
661 2533 731 2567 Lat
848 2536 887 2568 13
912 2526 1193 2578 μεταλαμβάνει
1218 2530 1344 2565 LVRC
1460 2525 1574 2568 ἄλλος
1598 2536 1664 2562 om.
1691 2526 1799 2560 MLat

234 2585 438 2632 ληστρικὸσ
462 2590 685 2633 (ληστρικιῦσ
703 2589 742 2630 C)
767 2586 885 2625 ἅλλοσ
908 2592 951 2624 tr.
970 2588 1095 2623 LVRC
1192 2590 1229 2620 14
1253 2581 1418 2633 βεθώρω
1435 2583 1463 2617 Ρ
1487 2585 1688 2629 βαιθωθθν
1713 2584 1829 2626 (ωθθν
1845 2592 1888 2617 ex

224 2639 336 2686 ώρων
354 2645 458 2683 corr.)
475 2644 508 2676 A
524 2646 690 2690 βεθωρῶ
706 2645 739 2679 V
753 2644 919 2691 βεθωρα)
941 2644 966 2677 C
984 2644 1130 2679 beclem-0
1149 2646 1253 2685 (acc.)
1270 2642 1338 2675 Lat
1409 2636 1512 2680 ὁδὸν]
1530 2636 1671 2674 ἄνοδον
1688 2637 1820 2671 PALat

237 2701 276 2732 15
302 2700 446 2743 λῃσταὶ]
471 2701 689 2743 λησταὶσται
715 2699 758 2734 C¹
853 2703 895 2734 16
918 2701 1085 2744 πλησίων
1111 2709 1153 2733 ex
1179 2708 1269 2733 corr.
1293 2697 1326 2730 A
1421 2699 1458 2730 17
1485 2692 1533 2739 μὴ
1562 2703 1630 2727 om.
1655 2693 1725 2727 uid.
1750 2693 1822 2727 Lat

235 2752 443 2796 διώξανϊασ
465 2754 566 2788 LVR
661 2757 699 2788 18
725 2753 926 2803 συλάβοιεν
951 2755 994 2790 C¹
1065 2759 1105 2790 19
1130 2768 1170 2790 τε
1195 2765 1262 2789 om.
1290 2751 1392 2786 PAM
1467 2753 1508 2785 20
1532 2748 1764 2794 κατέβαλλεν
1787 2749 1820 2783 V

235 2806 287 2851 δὲ]
311 2823 352 2846 τε
375 2810 408 2844 V
507 2813 545 2844 21
574 2808 842 2857 συνεχύθησαν]
867 2812 1123 2856 confluxerunt
1146 2810 1215 2845 Lat
1307 2812 1348 2843 22
1374 2803 1482 2851 πρὸς]
1509 2805 1565 2842 εἰσ
1589 2803 1715 2838 LVRC
1805 2817 1889 2839 κου-

230 2865 357 2913 μάνον
379 2867 407 2901 P
431 2864 626 2908 κούμανον
645 2865 788 2911 LVR03
812 2870 896 2902 item
920 2878 956 2911 p.
984 2870 1058 2908 199,
1087 2871 1124 2901 10
1218 2868 1259 2899 23
1284 2867 1360 2900 τῶν
1386 2857 1508 2900 οὕτωσ
1534 2862 1576 2895 C²

1918 851 1953 883 10

1918 1188 1953 1220 15

1918 1523 1955 1556 20
