2018 3236
133 421 212 459 642

133 688 212 728 643

129 955 209 994 644

130 1090 208 1129 645

129 1292 208 1330 646

248 172 327 207 27O
645 167 710 201 DE
736 165 894 199 BELLO
919 164 1015 200 IUD.
1042 164 1076 197 II
1102 166 1278 198 641—646
1303 166 1375 206 (XXI
1402 169 1429 195 9.
1460 165 1509 205 10)

243 281 403 338 βουλὴν
444 271 577 322 οὖσαν
616 278 875 330 ἑξακοσίων,
915 279 1019 331 περὶ
1060 276 1105 318 δὲ
1137 276 1375 328 δισχιλίους
1405 278 1490 317 τῶν
1524 271 1612 317 ἀπὸ
1646 277 1722 317 τοῦ
1755 274 1890 330 δήμου

245 346 470 401 συλλαβών
501 345 710 402 ἀνήγαγεν
742 344 954 401 σκάφεσιν
987 343 1048 393 εἷς
1083 346 1309 397 Ταριχέας.

359 419 422 457 10.
469 412 677 455 Βοώντων
719 412 765 454 δὲ
802 413 890 453 τῶν
929 412 1097 453 λοιπῶν
1131 410 1273 452 αἴτιον
1305 407 1419 452 εἶναι
1448 407 1640 463 μάλιστα
1670 411 1746 463 τῆς
1777 404 1890 450 ἆπο-

243 481 439 531 στάσεως
460 476 644 523 Κλεῖτόν
666 496 764 522 τινα
784 480 856 521 καὶ
882 477 1254 532 παρακαλούντων
1286 477 1349 527 εἷς
1380 476 1539 519 ἐκεῖνον
1570 472 1891 530 ἀπερείδεσθαι

241 549 319 606 τὴν
351 545 501 604 ὀργήν,
543 545 564 589 ὁ
593 543 806 603 Ἰώσηπος
837 541 1005 588 άνελεῖν
1035 545 1113 599 μὲν
1152 540 1308 587 οἰδένα
1352 544 1600 600 προῄρητο,
1641 544 1816 600 Ληουὶν
1848 542 1894 583 δεῖ

240 635 339 659 τινα
379 618 466 658 τῶν
504 614 660 657 ἑαυτοῦ
700 613 903 670 φυλάκων
943 612 1161 655 ἐκέλευσεν
1201 611 1419 663 ἐξελθεῖν,
1458 612 1531 654 ἵνα
1571 607 1781 665 ἀποκόψῃ
1813 607 1891 658 τὰς

241 693 389 737 χεῖρας
427 685 505 725 τοῦ
535 683 735 724 Κλείτου.
787 681 936 730 δείσας
968 680 1013 722 δὲ
1046 679 1206 729 ἐκεῖνος
1237 679 1299 729 εἰς
1331 678 1500 733 ἐχθρῶν
1532 686 1688 734 στῖφος
1720 672 1891 733 ἀποβή-

241 752 406 791 σεσθαι
425 748 559 802 μόνος
582 745 656 791 οἰκ
679 749 776 805 ἔφη.
830 747 1134 800 σχετλιάζοντα
1166 747 1212 789 δὲ
1242 746 1318 789 τὸν
1334 742 1546 802 Ἰώσηπον
1578 744 1653 787 ἐπὶ
1683 745 1759 786 τοῦ
1788 743 1891 785 σκά-

241 833 352 873 φους
382 813 403 859 ὁ
426 817 610 866 Κλεῖτος
641 813 756 871 ὁρῶν
786 817 856 858 καὶ
888 814 1259 871 προθυμοίμενον
1293 813 1422 856 αὐτον
1454 813 1677 871 επιπηδᾶν
1709 811 1781 853 ἐπὶ
1813 808 1890 865 τὴν

239 888 456 939 τιμωρίαν
499 884 684 926 ἱκέτευεν
726 879 814 925 απὸ
858 885 934 937 τῆς
965 878 1094 938 άκιῆς
1123 881 1201 937 τὴν
1233 881 1382 937 ετέραν
1413 881 1499 921 τῶν
1527 881 1681 933 χειρῶν
1713 878 1891 920 καταλι-

240 961 353 994 πεῖν.
404 947 601 994 κακείνου
623 965 968 1000 κατανευσαντος
990 967 1044 1006 εφ
1100 953 1133 1005 (ῥ
1166 948 1243 1006 τὴν
1274 948 1424 1003 ετέραν
1457 942 1586 995 αυτὸς
1617 942 1890 1000 ἀποκόψειεν

238 1018 415 1071 εαυτοῦ,
457 1017 741 1072 σπασάμενος
779 1035 829 1073 τη
871 1017 993 1073 δεξιά
1031 1016 1079 1059 τὸ
1115 1017 1242 1072 ξίφος
1274 1012 1500 1070 ἀπέκοψεν
1530 1013 1608 1071 τὴν
1640 1012 1787 1055 λαιάν·
1829 1010 1890 1060 εἷς

239 1089 450 1129 τοσοῦτον
489 1087 610 1135 δέους
650 1083 736 1127 ὕπὸ
777 1087 853 1127 τοῦ
879 1080 1094 1140 Ιωσήπου
1133 1083 1353 1140 προήχθη.
1413 1082 1513 1125 τότε
1550 1081 1628 1135 μὲν
1669 1079 1720 1136 δὴ
1750 1087 1890 1128 κενοῖς

241 1153 455 1210 σκάφεσιν
475 1155 547 1196 καὶ
573 1152 836 1209 δορυφόροις
867 1150 980 1193 ἑπτὰ
1011 1150 1087 1193 τὸν
1119 1151 1255 1207 δῆμον
1288 1148 1721 1203 αἰχμαλωτισάμενος
1751 1146 1889 1187 πάλιν

240 1221 481 1277 Τιβεριάδα
502 1220 818 1278 προσηγάγετο,
850 1217 959 1272 μετᾷγ
983 1214 1022 1260 δ)
1048 1215 1211 1275 ἡμέρας
1241 1214 1390 1272 ὀλίγας
1413 1218 1726 1272 Σεπφωρίταις
1758 1228 1889 1255 συνα-

240 1292 472 1332 ποστᾶσαν
490 1286 625 1341 εὑρών
646 1287 888 1342 ἐπέτρεψεν
911 1285 1157 1341 διαρπάσαι
1178 1293 1270 1334 τοῖς
1293 1283 1596 1339 στρατιώταις.
1639 1279 1888 1336 συναγαγών

237 1360 389 1410 μέντοι
410 1356 557 1398 πάντα
577 1364 670 1405 τοῖς
693 1353 903 1411 δημόταις
925 1353 1080 1395 ἐ’δωκεν
1111 1361 1203 1402 τοῖς
1224 1368 1272 1393 τε
1301 1351 1410 1393 κατὰ
1432 1354 1671 1407 Σέπφωριν
1703 1346 1886 1402 ὁμοίιος·

237 1426 307 1466 καὶ
346 1423 429 1479 γὰρ
469 1423 656 1472 ἐκείνους
685 1420 1009 1476 χειρωσάμενος
1039 1422 1308 1474 νουθετῆσαι
1340 1417 1412 1461 διὰ
1443 1420 1519 1474 τῆς
1550 1415 1750 1472 ἁρπαγῆς
1779 1411 1889 1468 ἤθε’-

237 1492 377 1548 λησεν,
409 1493 461 1547 τῇ
498 1486 538 1532 δ)
580 1486 797 1532 ἀποδόσει
835 1490 921 1529 τῶν
958 1487 1191 1544 χρημάτων
1231 1486 1367 1529 πάλιν
1408 1484 1469 1534 εἷς
1510 1481 1680 1527 εῗῖνοιαν
1720 1497 1889 1539 προση-

236 1559 405 1614 γάγετο.

351 1728 371 1769 §3
389 1728 453 1759 642
468 1743 507 1753 =
522 1725 595 1758 uita
620 1724 762 1768 Iosephi
788 1726 807 1765 ξ
837 1726 909 1757 171.

349 1871 658 1906 PAMLVRCLat
673 1867 893 1913 He‘gosippus
918 1868 972 1902 ΠΙ
997 1873 1015 1901 3
1041 1878 1075 1910 p.
1103 1871 1177 1902 177.
1215 1867 1342 1901 Suidas
1368 1877 1397 1901 s,
1423 1862 1679 1910 οἷπερείδομαι.

348 1931 359 1962 1
392 1926 611 1970 ἑξακοσίων]
637 1925 860 1968 εἶξακοσίουσ
884 1924 913 1957 L
940 1924 995 1960 εἰσ
1020 1922 1241 1965 εξακοσιόυσ
1266 1922 1359 1957 VRG
1452 1922 1489 1957 δὲ
1514 1932 1580 1955 om.
1607 1921 1640 1955 V
1743 1923 1761 1954 2
1786 1933 1887 1965 ταρι-

231 1985 347 2030 χαίασ
373 1984 474 2018 codd.
569 1986 587 2015 3
612 1982 660 2023 δὲ]
687 1995 727 2017 τε
752 1982 796 2015 L¹
890 1978 1011 2015 αἴτιον
1036 2000 1077 2003 -
1103 1983 1121 2012 5
1150 1976 1267 2024 ὀργὴν
1291 1977 1466 2021 excerpsit
1491 1976 1576 2011 Suid
1682 1979 1703 2010 4
1727 1979 1887 2017 κλεῖτον,

233 2079 267 2109 εῖ
283 2083 324 2107 ex
340 2074 353 2107 ι’
370 2083 461 2107 corr.
477 2072 523 2116 L3
549 2073 632 2106 item
649 2070 742 2105 infra
758 2082 792 2105 u.
812 2075 829 2104 7
845 2074 880 2104 et
896 2073 915 2104 9
986 2064 1263 2114 ἀπερείσασθαι
1281 2067 1366 2101 Suid
1428 2071 1446 2100 ἴ)
1467 2064 1486 2101 ὁ
1506 2077 1573 2100 om.
1588 2066 1621 2100 V
1692 2046 1884 2112 προηρεητο

233 2134 275 2170 (s.
299 2140 344 2163 m.
372 2131 405 2170 2)
428 2129 461 2162 V
578 2129 730 2173 Ληουὶν]
756 2129 853 2163 λευὶν
877 2126 988 2160 PAL2
1012 2127 1088 2161 λευὶ
1111 2125 1149 2158 Μ
1173 2121 1299 2169 λήουιν
1323 2126 1385 2156 aut
1409 2123 1527 2158 λίουιν
1550 2122 1596 2155 L¹
1622 2118 1766 2167 ληούϊν,
1797 2137 1819 2167 η
1843 2132 1886 2156 ex

232 2202 243 2221 ι
269 2195 362 2220 corr.
387 2184 420 2219 V
444 2188 560 2220 λϊουϊν
583 2183 616 2218 R
641 2182 765 2219 λευΐαν
790 2183 816 2217 C
841 2182 937 2216 Zeue'n
960 2182 1031 2215 Lat
1130 2182 1148 2213 6
1174 2175 1289 2214 αὐτοῦ
1312 2178 1407 2212 VRC
1520 2178 1670 2213 κλεὶτου
1694 2178 1824 2213 δείσασ
1848 2178 1885 2213 δὲ

232 2241 311 2278 ἐκεῖ
333 2245 415 2285 post
440 2236 556 2276 αὐτοῦ
580 2241 794 2282 expunctum
818 2238 851 2272 V
943 2241 960 2271 7
987 2237 1039 2278 εἰς
1063 2235 1177 2280 suppl.
1202 2245 1247 2268 m.
1275 2237 1294 2267 2
1314 2234 1343 2267 L
1435 2232 1579 2279 ἐχθρὸν
1596 2233 1622 2266 Ρ
1715 2236 1734 2267 9
1758 2231 1884 2279 ἐπιπη-

232 2300 311 2340 δᾶν]
338 2293 537 2342 οἷποπηδιῖν
559 2295 654 2330 VRO
777 2298 816 2327 10
842 2289 918 2330 οἷπὸ
945 2296 1008 2339 τῆς
1032 2287 1144 2337 οἷκτῆς
1168 2301 1234 2325 om.
1265 2290 1336 2324 Lat
1469 2292 1709 2324 καταλειπεῖν
1733 2288 1794 2322 ΡΑ

234 2357 273 2388 12
300 2356 417 2389 αυτοῦ
439 2353 485 2386 L¹
512 2348 628 2388 αὑτοῦ
654 2352 701 2385 L2
725 2347 841 2386 αι’-τοῦ
864 2350 896 2384 V
987 2347 1157 2393 ὑπέκοψε
1183 2347 1209 2380 C
1317 2348 1356 2379 13
1384 2340 1456 2380 υπὸ
1482 2347 1561 2385 τοῦ]
1586 2344 1792 2379 PAMLLat
1815 2339 1883 2380 ὑπ’

232 2404 348 2444 αὐτοῦ
370 2408 467 2443 VRC
561 2411 600 2442 15
631 2404 844 2454 Τιβεριάδα]
870 2404 936 2450 τὴν
959 2400 1151 2451 τιβεριάδα
1177 2401 1271 2436 VRC
1364 2398 1458 2444 μετὰ
1473 2420 1516 2424 -
1536 2402 1576 2434 16
1601 2396 1733 2446 εὑρὼν]
1755 2400 1885 2446 paucis

231 2470 348 2499 autem
372 2464 496 2500 diebus
517 2469 601 2509 post
626 2474 704 2497 cum
728 2463 834 2497 eciam
857 2461 1009 2506 sefforz'n
1033 2459 1206 2504 defecisse
1231 2458 1323 2491 inter
1347 2456 1439 2491 alias
1462 2457 1679 2502 repperisset
1702 2456 1772 2490 Lat

231 2521 269 2556 δὲ
286 2520 421 2555 MVRG
509 2521 782 2564 σεπφωρίταισ,
806 2519 872 2552 litt.
891 2529 977 2552 ταισ
991 2516 1013 2550 i.
1032 2525 1103 2549 ras.
1127 2516 1145 2547 3
1164 2514 1230 2548 litt.
1256 2524 1300 2546 m.
1320 2516 1338 2546 2
1356 2512 1386 2545 L
1410 2513 1594 2558 γίσχαλαν
1617 2514 1647 2553 (·
1660 2512 1820 2557 γίσχαλα
1844 2511 1883 2551 Ο)

233 2577 495 2621 σεπφωρίταισ
518 2575 584 2608 ΜΟ
610 2575 804 2620 σε’πφωριν
827 2572 894 2607 VR.
1018 2573 1055 2605 16
1081 2566 1212 2617 εὑρὼν]
1239 2565 1334 2604 ἐλὼν
1357 2568 1525 2603 MLVRC
1661 2565 1882 2613 ἐπέτρεψεν]

230 2630 417 2677 ἐπέτρεψε
440 2631 509 2675 μὲν
531 2630 626 2665 VRC
719 2625 940 2674 συναγαγὼν
964 2648 1006 2652 —
1031 2629 1069 2661 18
1092 2622 1384 2672 χειρωσάμενος]
1410 2625 1600 2668 omniaque
1622 2623 1705 2658 inde
1733 2622 1882 2657 collecta

226 2688 468 2733 popularibus
497 2686 595 2720 dedit
631 2687 738 2721 eciam
761 2685 958 2730 sefforitoe‘s,·
987 2694 1069 2717 nam
1093 2687 1127 2716 et
1150 2687 1276 2726 captos
1298 2681 1368 2714 Lat
1505 2683 1542 2714 17
1576 2676 1714 2715 ἔδωκεν
1737 2684 1817 2720 τοῖς
1841 2691 1881 2714 τε

231 2753 298 2777 0111.
325 2743 367 2776 R.
478 2742 683 2788 σε’πφωριν,
708 2755 742 2776 ιν
766 2741 788 2776 i.
814 2752 884 2775 ras.
910 2751 954 2773 m.
981 2743 999 2773 2
1024 2740 1057 2772 A
1081 2735 1276 2784 σεπφώριν
1299 2735 1393 2770 VRC
1532 2731 1692 2779 ὁμοίως·
1719 2737 1782 2770 καὶ
1806 2733 1881 2780 γὰρ

230 2797 408 2839 ἐκείνους]
436 2795 580 2841 ὃμοίωσ
603 2800 666 2832 καὶ
691 2795 882 2843 τιβεριάδα
906 2797 969 2832 καὶ
992 2792 1067 2841 γὰρ
1090 2790 1291 2830 κάκείνουσ
1314 2790 1409 2826 VRO
1493 2794 1532 2825 19
1558 2793 1603 2836 τῇ
1626 2786 1661 2825 δ’
1686 2785 1879 2830 ιῖποὸόσει]

229 2856 292 2890 καὶ
316 2856 361 2900 τῆ
385 2849 565 2889 ἀποδόσει
589 2853 684 2888 VRC
778 2849 967 2889 ἀποδώσει
990 2851 1018 2885 P
1111 2846 1222 2886 πάλιν
1247 2858 1312 2882 om.
1339 2848 1371 2882 V
1440 2843 1714 2893 προσηγάγετο]
1739 2845 1878 2887 (uoluit)

228 2920 403 2945 reuocare
426 2909 496 2943 Lat

1924 885 1958 918 10

1922 1221 1957 1253 15

1920 1557 1957 1589 20
