2039 3251
525 474 812 529 ADDENDA
849 475 924 529 ET
966 477 1367 530 COBRIGENDA.

117 654 151 687 p.
177 642 279 678 XVII
297 653 373 677 nro.
394 644 434 675 23
455 641 653 677 addendum
670 646 725 677 est
742 643 777 677 in
795 643 1018 686 Redigerano
1036 645 1128 678 inter
1144 644 1206 678 fol.
1228 647 1303 685 260,
1329 645 1423 688 quod
1442 645 1572 680 desinit
1589 659 1622 691 p.
1643 650 1722 690 616,
1743 651 1782 682 1¹.)

408 702 651 743 καισαρεῦσιν
669 701 722 743 ἠν,
749 702 783 733 et
802 702 876 741 2151,
903 700 996 743 quod
1014 701 1138 743 incipit
1155 712 1188 744 p.
1208 704 1283 743 619,
1303 706 1322 734 6
1341 704 1361 743 ξ
1377 698 1502 737 αὐτῶν
1519 700 1782 747 ε-’γειίήσαμεν,

412 765 519 788 unum
544 755 667 789 folium
693 756 878 790 excidisse.

118 838 136 853 ,,
193 814 211 845 3
237 811 363 846 titulus
389 811 468 845 libri
494 811 596 853 primi
621 811 656 845 in
683 811 709 845 C
733 813 904 846 traditur:
931 811 1137 856 ‹sficwovz'vw
1163 809 1333 856 ἰωσήπου
1358 816 1426 846 etc.

118 894 137 909 ,‚
167 871 218 910 19,
245 871 263 902 3
290 864 517 914 στράτιοροσ
541 868 631 902 Exc.

117 951 124 966 ,
175 951 196 966 „
245 927 283 958 11
320 927 393 959 not.
434 934 586 967 repone:
627 935 699 957 non
730 934 868 969 paucos
905 928 1023 958 autem
1056 933 1178 968 papas
1208 922 1410 968 discipulos
1442 924 1519 958 siue
1555 925 1781 960 consultores

411 978 562 1013 hahebat
588 979 658 1013 Lat

117 1062 136 1077 ,,
174 1062 195 1079 ,,
247 1038 285 1069 13
310 1048 384 1079 μου
408 1037 514 1069 etiam
539 1035 625 1069 Exc.

117 1120 136 1134 ,‚
164 1095 217 1134 20,
246 1094 284 1126 13
312 1096 346 1126 et
371 1094 410 1125 14
435 1091 542 1137 μέχρι
568 1093 643 1126 ποῦ
667 1091 772 1124 etiam
798 1090 887 1124 Exc.

115 1174 135 1190 ,‚
162 1151 215 1190 21,
242 1151 261 1182 2
287 1144 397 1193 εἶχεν]
423 1143 499 1192 εἶχε
524 1142 619 1193 παρ’
645 1144 766 1192 ἐαυτῷ
793 1157 835 1180 cx
859 1146 930 1180 Lat
955 1146 1143 1181 Holwerda
1168 1158 1202 1190 p.
1234 1148 1306 1180 143.

116 1230 136 1246 „
164 1207 217 1247 28,
245 1207 285 1238 16
311 1214 390 1238 cum
415 1202 546 1236 PAMO
571 1203 771 1237 consentire
796 1203 867 1236 uid.
891 1202 1074 1247 Synceilus
1099 1214 1133 1246 p.
1161 1205 1239 1237 561.

116 1287 136 1302 ,‚
175 1287 195 1304 ‚‚
240 1262 281 1294 23
307 1256 465 1305 παρῄνει
492 1258 669 1300 δέξασθαι
694 1262 777 1292 ante
804 1259 1006 1293 Bekkerum
1031 1259 1178 1293 seclusit
1203 1258 1392 1293 Holwerda
1417 1270 1450 1302 p.
1481 1262 1555 1293 144.

116 1343 136 1358 ,,
174 1343 195 1359 ,,
238 1319 280 1350 28
305 1317 383 1351 τῶν
407 1311 661 1358 ἀδικουμένων
685 1315 821 1358 primus
848 1316 1000 1350 coniecit
1024 1315 1185 1350 Hudson.

115 1399 134 1414 ,‚
162 1376 215 1415 30,
241 1375 259 1406 6
285 1372 381 1417 δίχα]
409 1367 452 1407 οὐ
477 1373 559 1416 δίχα
586 1371 789 1416 Spauheim.

116 1455 136 1473 ,.
174 1457 194 1472 ,‚
244 1431 283 1463 13
309 1425 542 1469 διοσπόλεως
566 1427 750 1472 syncellus
775 1438 809 1470 p.
837 1430 915 1463 563.

115 1511 136 1527 ,,
162 1487 216 1528 35,
243 1486 283 1518 16
307 1483 448 1528 μόνους
473 1478 611 1525 αὖτοὺς
635 1483 661 1518 C
687 1487 843 1518 testante
868 1484 966 1518 Mau.

115 1567 138 1585 ‚,
163 1543 216 1583 36,
245 1544 321 1584 lsq.
347 1535 530 1584 Ἰάμνειαν
554 1543 636 1583 post
656 1536 820 1583 Ἄζωτον
845 1544 1030 1575 enumerat
1055 1539 1243 1584 Syncellus
1267 1550 1302 1584 p.
1330 1542 1406 1573 565.

115 1624 134 1640 ,,
161 1601 214 1639 38,
241 1599 280 1632 19
306 1593 508 1643 Γαδάροις]
535 1593 682 1641 Δώροις
708 1596 892 1641 Syncellus
917 1608 952 1641 p.
979 1599 1055 1630 567.

114 1681 134 1696 ,,
161 1656 214 1697 43,
240 1656 259 1687 5
285 1655 519 1697 πτολεμαῑον
543 1654 606 1688 καὶ
631 1650 833 1698 ἰάμβλιχον
850 1655 913 1688 καὶ
931 1656 1166 1696 πτολεμαῖον
1185 1651 1217 1686 Ν
1238 1661 1317 1686 eum
1331 1650 1618 1696 Vplolomaeum
1636 1657 1669 1686 et
1695 1653 1781 1686 iam-

406 1707 561 1743 bachum
585 1713 620 1743 et
638 1708 885 1754 ptolomaeum
910 1709 994 1748 Lat;
1020 1719 1102 1743 nam
1126 1709 1216 1742 haec
1241 1708 1345 1742 etiam
1371 1707 1448 1742 cod.
1474 1708 1592 1742 Berol.
1617 1709 1737 1743 tradit.

114 1792 135 1810 ‚,
161 1769 214 1808 52,
241 1769 258 1799 7
284 1764 347 1801 ἐπὶ
380 1767 426 1810 τῇ
459 1767 622 1811 πατρικῇ
653 1765 780 1812 κηδείᾳ
805 1765 991 1799 Bekkerus
1026 1776 1068 1799 ex
1100 1764 1200 1799 Bodl.
1235 1764 1386 1808 recepit3
1419 1763 1513 1797 idem
1545 1764 1656 1798 tradit
1680 1765 1782 1799 Rost.

113 1849 133 1865 ,‚
159 1825 212 1865 54,
241 1825 280 1856 13
305 1824 368 1857 καὶ
392 1820 435 1856 ἐκ
459 1841 502 1845 -
528 1822 582 1864 56,
610 1823 649 1853 15
677 1819 1004 1868 συνταράσσοντες
1035 1831 1105 1855 uno
1138 1820 1225 1856 folio
1250 1820 1380 1855 amisso
1408 1830 1474 1854 om.
1505 1819 1541 1862 C,
1573 1830 1681 1864 quare
1707 1821 1783 1855 eius

407 1876 537 1911 mentio
562 1879 639 1911 toto
665 1877 734 1912 hoc
758 1877 837 1912 loco
863 1877 1012 1912 delenda
1037 1879 1101 1912 est.
1151 1878 1228 1911 eius
1251 1877 1331 1911 loco
1365 1880 1594 1920 apponantur
1619 1876 1785 1911 codicum

410 1932 563 1967 Parisini
590 1935 674 1967 1427
701 1937 736 1967 et
761 1934 1003 1968 Berolinensis
1029 1944 1109 1968 cum
1135 1933 1357 1976 Redigerano
1391 1931 1652 1976 discrepantiae
1677 1933 1782 1968 haec:

225 2002 262 2035 p.
290 1993 343 2033 54,
374 1993 413 2024 13
438 1987 480 2025 ἐκ
503 1999 570 2024 om.
589 1989 672 2023 Par.
767 1987 847 2031 τὸν]
873 1993 950 2026 τῶν
967 1990 1047 2024 Par.
1068 1989 1184 2024 Berol.
1306 1992 1343 2023 15
1369 1983 1477 2034 ἦσαν]
1498 1985 1574 2024 ἔστι
1593 1989 1646 2023 ed.
1670 2000 1723 2034 pr.
1742 1999 1785 2023 ex

383 2047 466 2080 Ant.
493 2045 567 2080 Iud.
640 2045 678 2082 δὲ
703 2046 784 2081 Par.
859 2049 897 2080 16
925 2044 1058 2094 ἑαυτῷ]
1084 2042 1187 2082 αὐτῶ
1212 2045 1294 2080 Par.
1370 2048 1407 2078 17
1433 2047 1581 2091 μηρίων
1597 2045 1714 2080 Berol.

387 2104 426 2137 18
452 2099 673 2148 τυραννήσει
697 2102 749 2136 sic
774 2102 854 2137 Par.
937 2098 1125 2148 διαλαβὼν
1149 2102 1230 2136 Par.
1305 2104 1344 2134 19
1369 2099 1650 2147 συγκατήγαγεν
1674 2098 1783 2137 Ἀντί-

382 2160 512 2203 γονον]
529 2157 712 2205 συνέλαβε
729 2155 800 2194 τὸν
816 2153 1022 2204 α’ντίγονον
1038 2159 1120 2192 Par.
1140 2157 1258 2191 Berol.
1346 2159 1388 2191 20
1415 2153 1472 2201 ὃν]
1493 2153 1512 2192 ὃ
1534 2157 1614 2192 Par.

382 2213 463 2248 Par.
507 2260 515 2267 .
557 2211 712 2250 πάντων
737 2215 817 2248 Par.
912 2218 953 2249 23
980 2211 1279 2258 α’ντιταξάμενοσ
1304 2214 1385 2248 Par.
1411 2214 1529 2247 Berol.

1687 2161 1724 2191 21
1747 2158 1785 2194 δὲ

1714 2262 1740 2291 μ

228 2319 248 2336 ,,
291 2295 344 2334 55,
370 2295 388 2326 5
404 2292 456 2337 δὲ]
475 2272 515 2338 df)
534 2293 617 2327 Par.
697 2295 714 2326 7
734 2293 783 2334 δὲ]
802 2306 842 2328 τε
860 2293 940 2327 Par.
960 2294 1076 2328 Berol.
1147 2289 1367 2339 μαριάμμην
1384 2292 1464 2326 Par.
1483 2291 1572 2326 Red.
1590 2293 1785 2338 μαρίαμην

383 2348 500 2383 Berol.
588 2352 607 2382 9
634 2345 700 2394 τὴν
726 2345 839 2385 ἀσίαν
863 2349 981 2384 Berol.
1080 2353 1115 2384 11
1143 2351 1217 2389 καὶ]
1244 2361 1285 2384 τε
1309 2351 1372 2384 καὶ
1398 2349 1514 2383 Berol.

1619 2352 1658 2382 14
1684 2342 1783 2384 oiim)

383 2404 465 2438 Par.
563 2408 601 2439 15
627 2400 831 2450 ἀνέχεσθαι
849 2406 930 2440 Par.
950 2405 1067 2440 Berol.
1140 2399 1240 2441 οὕτω
1259 2405 1337 2438 Par.
1412 2407 1451 2438 16
1476 2401 1543 2450 τὴν
1568 2400 1785 2450 α’ντιόχειαν

382 2460 463 2494 Par.
537 2463 575 2495 18
596 2459 836 2506 δυνατωτάτη
863 2462 980 2498 Berol.
1057 2465 1095 2496 19
1120 2464 1325 2506 μασσαλᾱσ
1343 2461 1461 2495 Berol.

1532 2464 1572 2494 21
1599 2456 1784 2507 ὑπάρχειν

383 2516 466 2551 Par.
560 2519 602 2551 22
628 2520 709 2559 τοῦ]
735 2515 823 2559 τοὺς
846 2519 964 2554 Berol.
1081 2519 1369 2564 προκρίναντοσ
1393 2517 1474 2550 Par.
1501 2516 1618 2551 Berol.
1728 2518 1783 2563 δὴ]

382 2569 448 2617 ἤδη
472 2573 587 2607 Berol.
686 2577 729 2608 24
753 2574 949 2620 παρέβαλε
973 2574 1055 2608 Par.
1082 2575 1169 2609 Red.
1197 2574 1414 2620 παρέλαβεν
1440 2572 1556 2608 Berol.
1638 2576 1679 2607 25
1705 2572 1782 2609 ἐπι-

383 2627 533 2675 τρέπων
556 2631 619 2665 καὶ
644 2627 907 2675 ἐπιτροπεύειν
932 2630 1014 2665 Par.

229 2708 250 2724 ‚,
293 2685 346 2726 56,
373 2687 389 2718 1
417 2683 528 2720 πέντε
551 2685 621 2729 μὲν
643 2687 707 2721 καὶ
731 2684 819 2721 δέκα
844 2690 889 2720 tr.
908 2686 990 2721 Par.
1083 2689 1104 2720 4
1129 2686 1307 2732 πρέσβεις
1323 2705 1367 2710 -
1386 2689 1403 2718 5
1421 2680 1615 2727 Ἀντώνιος
1631 2685 1652 2719 i.
1671 2696 1780 2728 marg.

388 2740 505 2783 suppl.
532 2740 613 2776 Par.
687 2744 706 2775 5
731 2739 792 2777 ἐπὶ
816 2742 972 2778 τούτοισ
997 2742 1114 2776 Berol.
1195 2746 1212 2775 7
1239 2742 1289 2782 δὲ]
1315 2755 1355 2777 τε
1380 2741 1512 2782 BeroL,
1537 2751 1605 2775 om.
1632 2741 1715 2775 Par.

386 2791 454 2840 τὴν
477 2793 598 2841 ἀρχὴν
623 2807 691 2831 om.
717 2797 800 2831 Par.
940 2801 959 2832 8
985 2795 1209 2845 τετράρχαις
1233 2800 1401 2842 τολμῶσι
1425 2797 1506 2832 Par.

1628 2801 1665 2831 10
1691 2795 1783 2843 μήτε

387 2850 468 2885 Par.
563 2855 600 2886 11
621 2852 799 2898 γενέσθαι
817 2853 897 2888 Par.
969 2856 1262 2898 φιλονικοῦντασ
1282 2853 1399 2888 Berol.
1485 2856 1524 2887 13
1543 2849 1578 2888 δ’
1595 2854 1712 2889 Berol.

389 2908 430 2939 14
452 2901 541 2948 ὑπὸ]
565 2902 661 2951 ὑπὲρ
686 2908 768 2943 Par.
