2018 3236
107 401 183 442 281

106 601 186 641 282

106 869 186 910 283

106 1003 185 1044 284

107 1272 187 1313 285

108 1474 188 1515 286

108 1675 187 1716 287

218 152 298 189 550
634 151 697 185 DE
722 149 883 183 BELLO
908 148 1005 184 IUD.
1030 149 1081 183 VI
1106 151 1282 184 280—287
1308 152 1342 192 (v
1370 155 1396 183 1.
1424 152 1453 191 2)

216 267 305 319 πῦρ
335 265 404 306 καὶ
437 264 499 317 τῷ
531 263 622 316 ναῷ
656 261 1075 318 συγκατεφλέγησαν,
1109 260 1287 318 ,Μηϊρός
1316 278 1363 305 τε
1394 261 1489 312 υἱὸς
1511 264 1653 318 Βελγᾶ
1683 264 1754 305 καὶ
1781 260 1871 306 Ἰώ-

218 346 360 388 σηπος
389 331 603 373 Δαλαίου.

330 401 369 440 2,
404 393 610 448 Ῥωμαῖοι
642 394 688 436 δὲ
716 394 908 448 μάταιον
946 393 1024 451 τὴν
1063 394 1138 438 ἐπὶ
1177 404 1270 445 τοῖς
1307 396 1438 452 πέριξ
1476 397 1615 453 φειδώ
1651 401 1871 451 κρίναντες

216 467 294 507 τοῦ
325 465 431 506 ναοῦ
471 463 740 518 φλεγομένου
781 458 930 504 πάντα
970 466 1359 517 συνεπίμπρασαν,
1400 463 1454 506 τά
1486 480 1533 506 τε
1563 465 1755 518 λείψανα
1785 466 1871 506 τῶν

218 532 357 573 στοῶν
387 531 460 572 καὶ
490 529 569 579 τὰς
600 529 742 580 πύλας
781 529 898 586 πλὴν
939 529 1036 582 δύο,
1075 532 1151 587 τῆς
1185 530 1264 583 μὲν
1296 530 1339 573 ἐκ
1369 533 1457 573 τῶν
1499 527 1767 574 ἀνατολικῶν
1797 534 1873 588 τῆς

218 597 264 640 δὲ
293 599 610 653 μεσημβρινῆς·
650 598 724 639 καὶ
762 597 925 647 ταύτας
964 593 1145 653 ὕστερον
1186 601 1481 652 κατέσκαψαν.
1542 599 1687 642 ἔκαιον
1723 599 1873 642 δὲκαὶ

214 664 268 707 τὰ
299 663 611 721 γαζοφυλάκια,
645 664 688 707 ἓν
720 664 786 715 οἷς
817 661 1003 719 ἄπειρον
1033 666 1112 720 μὲν
1139 665 1372 722 χρημάτων
1404 668 1582 722 πλῆθος
1613 663 1795 721 ἄπειροι
1827 661 1867 708 δ’

217 732 403 789 ἐσθῆτες
432 734 505 775 καὶ
537 729 649 774 ἄλλα
678 731 902 790 κειμήλια,
944 732 1169 776 συνελόντι
1201 728 1242 775 δ)
1278 733 1441 785 εἰπεῖν,
1482 735 1571 783 πᾶς
1602 730 1623 775 ὁ
1650 729 1873 776 Ἰουδαίων

216 799 459 854 σεσώρευτο
492 801 697 851 πλοῦτος,
730 795 1111 854 ἀνεσκευασμένων
1143 800 1230 843 ἐκεῖ
1248 799 1350 850 τους
1376 800 1520 851 οἴκους
1540 803 1626 843 τῶν
1658 796 1872 855 εὐπόρων.

216 870 319 922 ἡκον
352 866 398 909 δὲ
428 869 498 908 καὶ
532 865 608 909 επὶ
639 865 716 923 τὴν
748 865 908 924 λοιπὴν
947 882 1081 909 στοαν
1119 870 1197 910 τοῦ
1233 867 1400 918 ἔξωθεν
1433 868 1572 922 ἱεροῦ·
1611 867 1875 924 καταφεύγει

219 930 258 976 δ’
286 934 317 977 ἒ·
315 953 340 975 τ
388 930 520 991 αυτὴν
543 929 634 976 απὸ
659 936 737 976 τοῦ
759 933 898 990 δήμου
928 934 1085 989 γύναια
1106 937 1176 977 καὶ
1200 935 1363 977 παιδία
1384 937 1456 978 καὶ
1489 935 1726 990 σύμμικτος
1748 932 1874 988 όχλος

217 1001 279 1052 εἷς
319 1001 646 1081 ἑξακισχιλίους.
707 1018 813 1057 πριν
854 1002 901 1044 δὲ
931 1006 1140 1057 Καίσαρα
1177 1006 1324 1057 κρῖναί
1357 1020 1400 1046 τι
1432 1005 1536 1058 περὶ
1576 999 1719 1046 αυτιῦν
1750 997 1776 1059 τ’]
1805 1020 1874 1046 κε·

216 1071 367 1112 λεῦσαι
406 1086 509 1119 τους
546 1067 784 1125 ἡγεμόνας,
826 1069 1064 1126 φερόμενοι
1103 1079 1196 1119 τοῖς
1226 1073 1391 1123 θυμοῖς
1423 1071 1464 1113 οἱ
1498 1074 1766 1126 στρατιῶται
1797 1071 1875 1126 τὴν

215 1137 349 1180 στοὰν
381 1134 659 1193 ὑφάπτουσι,
699 1139 772 1179 καὶ
803 1140 959 1193 συνέβη
991 1136 1093 1187 τοὺς
1124 1138 1204 1191 μὲν
1236 1139 1500 1192 ῥιπτοῦντας
1537 1136 1693 1188 αὖτοὺς
1725 1138 1769 1181 ἐκ
1798 1141 1875 1196 τῆς

216 1203 380 1260 φλογὸς
413 1205 733 1260 διαφθαρῆναι,
765 1203 868 1254 τοὺς
899 1205 945 1246 δὲ
968 1204 1011 1246 ἐν
1043 1200 1175 1260 αὐτῇ·
1209 1205 1465 1262 περιεσώθη
1501 1206 1546 1248 δὲ
1579 1204 1623 1247 ἐκ
1652 1205 1874 1248 τοσούτων

219 1267 375 1321 οὐδείς.
434 1272 609 1321 τούτοις
641 1272 784 1321 αἴτιος
813 1274 889 1329 τῆς
921 1268 1148 1322 ἀπωλείας
1188 1272 1562 1329 ψευδοπροφήτης
1591 1289 1658 1323 τις
1688 1276 1872 1330 κατέστη

216 1336 313 1381 κατ’
350 1339 514 1396 ἐκείνην
545 1339 729 1396 κηρύξας
759 1339 836 1397 τὴν
866 1337 1032 1395 ἡμέραν
1063 1348 1156 1388 τοῖς
1187 1338 1262 1382 ἐπὶ
1293 1341 1369 1396 τῆς
1401 1339 1586 1391 πόλεως,
1619 1337 1679 1390 ὥς
1710 1338 1732 1383 ὁ
1765 1340 1876 1391 θεὸς

217 1406 292 1449 ἐπὶ
314 1406 361 1449 τὸ
387 1406 504 1460 ἱερὸν
536 1402 751 1462 ἀναβῆναι
781 1406 945 1449 κελεύει
977 1406 1234 1459 δεξομένους
1264 1405 1318 1448 τὰ
1345 1415 1504 1463 σημεῖα
1533 1409 1610 1463 τῆς
1642 1412 1874 1464 σωτηρίας.

220 1474 378 1516 πολλοὶ
402 1470 443 1515 δ
470 1472 580 1530 ἦσαν
613 1473 844 1528 εγκάθετοι
876 1475 999 1551 παρὰ
1023 1476 1110 1515 τῶν
1140 1491 1298 1529 τιρανι
1305 1491 1363 1516 ων
1384 1474 1484 1516 τότε
1505 1473 1618 1530 πρὸς
1639 1474 1716 1517 τὸν
1739 1475 1874 1530 δῆμον

216 1543 448 1596 προφῆται
478 1544 742 1597 προσμένειν
772 1540 848 1597 τὴν
882 1537 971 1583 απὸ
1004 1543 1080 1583 τοῦ
1112 1543 1223 1584 θεοῦ
1252 1541 1470 1598 βοήθειαν
1500 1543 1874 1597 καταγγέλλοντες,

218 1606 276 1658 ὠς
297 1625 426 1664 ηττον
460 1604 745 1661 αυτομολοῖεν
765 1610 838 1651 καὶ
860 1625 961 1657 τους
983 1608 1133 1650 επάνω
1165 1609 1289 1659 δέους
1309 1611 1379 1652 καὶ
1404 1610 1599 1666 φυλακῆς
1618 1613 1875 1665 γενομένοις

220 1675 347 1724 ελπὶς
378 1679 693 1731 παρακροτοίη.
754 1679 966 1717 πείθεται
998 1676 1043 1718 δε
1074 1679 1239 1728 ταχέως
1270 1674 1552 1731 ἄνθρωπος’
1535 1693 1578 1719 εν
1611 1686 1872 1733 συμφοραῖς,

217 1739 323 1786 ὅταν
356 1738 396 1784 δ)
432 1740 512 1799 ἤδη
553 1744 625 1785 καὶ
665 1745 753 1784 τῶν
791 1738 1062 1795 κατεχόντων
1101 1743 1255 1785 δεινῶν
1295 1740 1555 1798 ἀπαλλαγὴν
1586 1740 1608 1786 ὁ
1643 1743 1873 1793 ἐξαπατῶν

216 1808 465 1867 ὑπογράφῃ,
497 1805 602 1852 τόθ’
639 1807 661 1852 ὁ
695 1809 878 1862 πάσχων
908 1805 1010 1859 ὅλος
1039 1813 1204 1864 γίνεται
1236 1811 1311 1866 τῆς
1343 1809 1536 1860 ἐλπίδος.

327 2022 557 2058 PAMLVRC
568 2022 865 2066 LatHegesippus
889 2021 920 2055 V
945 2024 986 2056 43
1012 2033 1045 2066 p.
1073 2023 1148 2056 362.
1187 2021 1346 2056 Zonaras
1370 2021 1387 2055 Ι
1411 2033 1445 2065 p.
1465 2024 1541 2056 543.

331 2082 345 2113 1
370 2076 529 2124 μηϊερόσ
553 2079 583 2113 L
607 2076 744 2125 μὴϊρόσ
769 2077 862 2112 VRC
932 2076 1017 2113 υἳὸσ
1040 2081 1151 2124 fin*
1166 2079 1261 2112 *τεαὶ
1285 2077 1312 2110 Ρ
1382 2074 1499 2124 βελγὰ
1522 2077 1589 2112 AV
1611 2081 1728 2124 βελγα
1753 2078 1817 2113 LR

215 2135 380 2180 iosippus
404 2135 536 2169 day-eae
560 2135 630 2169 Lat
745 2137 764 2169 3
789 2134 956 2178 ματαίαν
980 2134 1056 2168 Zon
1168 2132 1229 2169 ἐπὶ
1254 2139 1335 2175 τοῖς
1359 2143 1461 2168 euan.
1487 2133 1514 2167 P
1630 2137 1650 2168 4
1676 2137 1873 2179 συνεμπίμ-

214 2203 367 2237 πρασαν
390 2190 423 2225 V
447 2191 733 2235 συνεπίπρασαν
758 2189 784 2223 C
810 2190 1167 2236 συνενεπίμπρασαν
1191 2190 1232 2225 L.
1260 2189 1414 2224 Dindorf
1552 2194 1571 2225 5
1597 2184 1725 2233 πύλας]
1751 2187 1874 2226 πύλασ

215 2243 339 2282 αὐτῶν
364 2246 395 2280 L
487 2249 507 2281 6
532 2246 571 2282 δὲ
586 2248 851 2293 μεσημβρινῆς]
877 2241 911 2281 δ’
929 2245 971 2281 ἐκ
986 2247 1226 2293 μεσημβρίασ
1250 2245 1280 2280 L
1372 2242 1522 2287 ταύτας]
1546 2241 1685 2288 ταύτας
1701 2242 1736 2282 δ’
1757 2246 1873 2281 Desti-

214 2312 285 2337 non
365 2305 383 2335 7
401 2304 682 2349 γαζοφυλακεῖα
698 2302 765 2337 VR
782 2300 1061 2348 γαζοφυλάκεια
1080 2302 1106 2336 O
1188 2302 1227 2338 δὲ
1242 2301 1310 2337 VR
1391 2305 1410 2336 8
1428 2302 1467 2339 δὲ
1482 2301 1549 2337 VR
1630 2305 1649 2337 9
1668 2299 1873 2339 ἀνασκευα-

214 2358 388 2401 σαμένων
412 2358 442 2392 L
542 2358 631 2400 τοὺς
655 2357 793 2400 οἴκους]
819 2362 895 2394 τῶν
920 2356 1037 2394 οἴκων
1060 2358 1196 2393 MVRC
1298 2361 1336 2393 10
1360 2356 1637 2404 καταπεφεύγει
1662 2359 1807 2393 Bekker
1830 2369 1874 2393 ex

214 2414 292 2448 cod.
316 2414 358 2449 L.
385 2414 426 2448 B.
451 2415 696 2459 consuqerant
719 2414 790 2448 Lat
906 2418 944 2449 11
972 2414 1010 2450 δὲ
1034 2414 1099 2449 VR
1213 2410 1338 2459 ὄχλος]
1374 2412 1494 2459 ὅχλοσ
1525 2417 1675 2460 πλῆθοσ
1699 2414 1728 2448 L
1755 2411 1873 2459 ὅχλοσ

214 2472 396 2505 πλεῖστοσ
421 2469 447 2503 C
542 2474 582 2505 12
608 2471 657 2512 δὲ]
684 2465 750 2507 οὖν
775 2471 813 2505 Μ
911 2472 1102 2516 Καίσαρα]
1126 2470 1256 2514 καίσαΙ
1285 2469 1310 2503 C
1401 2467 1590 2507 κελεύσειν
1613 2471 1643 2504 L
1747 2474 1787 2505 14
1810 2472 1873 2505 καὶ

215 2525 362 2570 συνέβη]
387 2525 523 2572 συνέβη
548 2526 585 2562 δὲ
610 2526 638 2560 L
755 2522 896 2562 αύτοὺσ
921 2526 1088 2561 PAMVC
1119 2523 1279 2562 ἑαυτοὺσ
1302 2525 1333 2559 L
1453 2529 1491 2560 15
1515 2526 1538 2560 i.
1564 2536 1673 2570 marg.
1700 2526 1730 2561 λ’
1756 2525 1782 2560 C

214 2576 249 2616 δ’
266 2579 307 2616 ἐν
330 2581 391 2615 LC
497 2577 534 2616 δ’
550 2580 593 2617 ἐκ
616 2581 677 2616 LC
795 2586 832 2616 16
859 2578 943 2618 οὐδὲ
968 2578 1025 2617 εἷσ
1050 2582 1078 2615 L
1189 2581 1352 2627 κατέστη
1377 2592 1420 2616 ex
1443 2581 1611 2628 καθέστη
1636 2592 1726 2616 corr.
1751 2582 1783 2615 A

217 2640 255 2671 17
282 2633 349 2680 τὴν
373 2634 515 2681 ἡμέραν
538 2635 701 2683 κηρύξασ
725 2641 768 2672 tr.
795 2638 824 2671 L
917 2640 993 2683 τῆς]
1019 2644 1103 2674 τοῖσ
1128 2638 1154 2672 C
1257 2641 1296 2672 19
1321 2637 1360 2673 δὲ
1383 2637 1451 2673 VR
1542 2641 1581 2672 21
1608 2640 1671 2673 καὶ
1696 2639 1871 2682 φυλακῆς]

212 2738 310 2760 κατα
335 2727 505 2770 φυλακῆσ
530 2725 555 2759 C
684 2725 909 2772 γινομένουσ
932 2727 1134 2762 AMLVRC
1262 2729 1303 2761 22
1328 2691 1413 2765 ἐπὶσ
1438 2728 1469 2760 Α
1595 2726 1871 2773 παρακροτοίη]

213 2783 473 2828 παρακρατῶν
496 2780 526 2814 L
551 2783 818 2828 παρακρατοίη
843 2782 908 2817 VR
931 2783 1102 2818 retineret
1124 2783 1194 2817 Lat
1286 2783 1323 2820 δὲ
1348 2783 1505 2829 ταχέως]
1530 2777 1567 2818 δ’
1591 2779 1739 2819 εὐθέωσ
1763 2781 1792 2815 L

214 2838 256 2870 23
282 2832 317 2871 δ’
343 2833 420 2882 ἤδη]
447 2836 485 2872 δὲ
510 2832 552 2881 δὴ
578 2835 742 2871 PAMVC
767 2837 805 2873 δὲ
829 2836 894 2884 ἤδη
918 2838 948 2871 L
973 2838 1011 2874 δὲ
1036 2838 1078 2880 R,
1109 2848 1176 2872 om.
1203 2838 1291 2882 Lips
1384 2842 1427 2874 24
1451 2834 1554 2880 τόθ’]
1579 2835 1668 2874 τότε
1692 2836 1790 2872 LVR

213 2885 318 2928 ὅλωσ
341 2891 418 2926 A¹G

1908 878 1942 911 10

1906 1215 1941 1247 15

1907 1552 1941 1584 20
