1987 3246
203 172 357 209 XLVIII
932 169 1124 204 Praefatio.

208 300 336 339 supra
366 288 641 326 memoratum
674 286 748 334 est,
781 283 824 323 in
844 282 881 324 V
910 283 1091 335 aliisque
1119 283 1237 325 libris
1268 283 1380 324 bello
1410 282 1582 324 Iudaico
1614 281 1860 334 superaddi-

206 359 283 394 tur.
343 352 507 403 reliqua
546 349 717 391 aliunde
756 353 974 403 assumpta
1014 354 1120 391 sunt.
1179 350 1222 391 in
1262 350 1451 402 margine
1482 349 1701 392 adnotauit
1730 348 1860 389 rubri-

209 424 342 461 cator:
377 415 427 470 σή
452 417 555 469 περὶ
577 416 652 456 τοῦ
684 418 830 465 κυρίου
862 412 982 470 ἡμῶν
1014 413 1139 470 ἷησοῦ
1165 417 1343 469 χριστοῦ
1375 411 1458 457 ἴσα
1487 417 1717 469 μαρτυρῶν
1749 415 1862 468 λέγει

209 481 348 532 οὗτος.
412 488 561 537 postea
605 488 814 525 corrector
860 487 1107 525 conseruato
1146 484 1384 525 testimonio
1424 483 1661 526 Christiano
1699 483 1863 536 reliqua

207 551 385 601 (πάντες
407 549 488 605 γὰρ
511 549 674 591 δίκαιοι
691 573 745 578 -
762 551 1023 603 παραμένει)
1045 549 1211 591 induxit
1237 554 1278 592 et
1306 551 1348 592 in
1379 552 1567 603 margine
1598 550 1703 592 haec
1732 549 1860 592 adno-

207 620 331 661 tauit:
366 616 508 659 ἰστέον
536 611 609 658 ὅτε
638 615 688 658 τὸ
719 617 932 666 τοιοῦτον,
965 611 1202 669 (ὖβὲλισται
1233 615 1412 665 δικαίως
1442 611 1552 670 παρ’
1587 613 1730 671 ἡμῶν·
1764 616 1860 658 ἐπεὶ,

205 685 315 742 μὴὸὲ
358 685 401 727 ἓν
440 683 604 739 ἑτέροις
645 679 933 739 ἀντιγράφοις
971 685 1100 724 τοῦτο
1142 677 1341 735 εἱῖροιιεν·
1392 679 1488 724 ἀλλ’
1533 679 1632 725 οὐδὲ
1670 698 1737 732 τις
1775 684 1862 724 τῶν

207 755 284 807 τῆς
306 751 532 808 ἐκκλησίας
552 753 629 792 τοῦ
647 752 827 803 χριστοῦ
851 750 1127 792 διδασκάλων
1148 748 1314 791 τούτων
1337 748 1609 806 ἐπεμνήσθη.
1657 747 1755 792 οὔτε
1776 748 1861 806 μὴν

204 822 291 862 τῶν
314 817 543 873 ἐσύστερον
576 818 804 872 ἱστορικῶν
828 813 996 870 ἀνδρῶν
1017 833 1037 856 >k
1059 833 1078 855 >r-
1144 832 1164 855 a
1188 819 1329 869 μένων
1351 822 1438 867 (aut
1458 816 1619 869 μόνων)
1644 814 1733 858 ἄνω
1754 833 1774 856 21<
1796 833 1815 854 a<
1839 833 1858 855 >k

1130 908 1158 925 (Ι)

209 931 299 987 εἴρῃ
321 948 341 970 a:
365 948 383 970 a:
407 948 426 970 >r
449 947 468 969 *
494 925 603 970 ἀλλὰ
627 930 695 971 καὶ
720 947 743 970 τ
765 946 782 967 2³.
808 947 825 967 a:
850 946 867 967 :22
892 946 908 966 2-
936 929 978 971 ἐν
1000 929 1060 970 τώ
1084 932 1124 986 ιὴ
1150 928 1262 983 λόγω
1293 945 1343 983 τι]
1365 943 1384 966 a<
1407 944 1425 967 >k
1450 945 1467 966 r:
1497 929 1651 980 χαιο).ο
1673 944 1692 967 >r—
1715 945 1734 967 a<
1757 945 1775 967 a<
1799 945 1817 967 >r
1841 945 1860 967 21<

205 1003 352 1054 ρι’(ῑκετ
371 1016 390 1037 >r
414 1015 432 1037 »κ
456 1015 474 1036 ss
496 999 536 1047 ¹).

318 1067 408 1108 Iam
432 1065 563 1117 uides,
596 1064 697 1118 quid
720 1065 771 1107 de
795 1064 874 1107 hoc
896 1065 1041 1107 codice
1074 1063 1341 1106 statuendum
1373 1064 1445 1117 sit;
1476 1063 1681 1106 habemus
1711 1065 1863 1105 librum

207 1135 297 1176 eius
332 1134 520 1186 generis,
561 1132 803 1174 cuiussunt
834 1133 929 1185 VR,
972 1145 1025 1174 ex
1055 1143 1209 1183 genere
1241 1131 1413 1173 meliore
1444 1131 1601 1184 passim
1634 1136 1863 1173 correctum

207 1200 541 1252 coniecturisque
565 1203 604 1240 et
633 1199 1028 1253 interpolationibus
1058 1202 1236 1239 auctum.
1289 1210 1340 1239 ea
1371 1197 1552 1251 denique
1585 1203 1647 1240 est
1668 1199 1863 1241 Vossiani

208 1267 413 1319 condicio,
446 1270 490 1307 ut
511 1265 616 1308 haec
640 1267 780 1308 omnia
804 1267 887 1308 iam
919 1266 961 1306 in
993 1278 1043 1307 eo
1075 1265 1196 1317 libro,
1231 1277 1283 1306 ex
1315 1278 1397 1318 quo
1430 1266 1664 1319 exscriptus
1696 1270 1771 1318 est,
1804 1266 1863 1307 in·

206 1335 335 1377 fuisse
366 1345 539 1375 necesse
571 1333 636 1374 sit.

320 1399 436 1440 Haec
461 1400 604 1451 paullo
635 1400 825 1453 pluribus
856 1398 1072 1451 disputata
1102 1403 1209 1452 sunt,
1243 1399 1438 1451 quoniam
1469 1399 1631 1453 priores
1664 1399 1863 1450 editores,

205 1466 390 1507 maxime
422 1466 664 1508 Dindorfius
706 1471 746 1508 et
776 1465 1021 1518 Bekkerus,
1065 1465 1271 1507 Vossiano
1313 1466 1406 1518 plus
1437 1479 1574 1518 aequo
1607 1467 1862 1518 tribuerunt3

205 1546 288 1574 non
319 1545 458 1585 pauca
490 1533 600 1574 enim
633 1546 798 1586 eorum,
836 1545 944 1586 quae
979 1533 1092 1574 solus
1131 1531 1346 1585 praebuit,
1388 1545 1481 1573 cum
1520 1533 1863 1586 probabilitatem

212 1599 424 1653 quandam
460 1598 684 1652 haberent,
725 1600 907 1641 editores
942 1603 1211 1653 receperunt,
1253 1598 1297 1639 id
1329 1599 1441 1651 quod
1474 1600 1645 1641 minime
1676 1599 1863 1653 proban-

213 1667 313 1707 dum
336 1679 427 1708 esse
458 1670 647 1719 apparet.
701 1679 753 1708 ex
776 1667 836 1709 eis
859 1667 981 1720 enim,
1015 1680 1122 1719 quae
1144 1679 1271 1719 supra
1302 1670 1503 1720 excerpta
1533 1671 1639 1719 sunt,
1671 1672 1863 1720 apparet,

208 1734 405 1776 Vossiani
455 1733 743 1775 recensionem
791 1748 817 1775 a
864 1734 987 1776 docto
1047 1734 1190 1786 aliquo
1241 1732 1408 1774 homine
1456 1746 1538 1775 non
1586 1734 1676 1776 sine
1734 1739 1863 1775 teme-

208 1801 332 1842 ritate
372 1813 464 1842 esse
504 1801 759 1854 confectam3
810 1814 939 1853 quare
979 1801 1015 1843 si
1054 1801 1156 1853 quid
1194 1800 1346 1842 rectius
1387 1799 1552 1842 tradere
1591 1800 1776 1854 uidetur,
1822 1800 1866 1842 id

210 1867 476 1909 coniecturae
501 1871 572 1908 aut
604 1868 719 1909 casui
750 1867 1017 1909 tribuendum
1050 1868 1140 1920 erit,
1173 1868 1288 1909 uelut
1319 1867 1429 1919 quod
1461 1880 1501 1920 p.
1526 1869 1619 1920 418,
1643 1869 1666 1907 2
1696 1869 1866 1908 κεκίναν

209 1935 322 1976 solus
359 1934 512 1976 rectius
551 1934 734 1982 tradit2).
793 1934 906 1975 idem
943 1935 1119 1976 fortasse
1152 1934 1266 1976 cadit
1296 1935 1337 1974 in
1367 1947 1407 1987 p.
1440 1935 1532 1983 381,
1564 1937 1611 1987 4,
1652 1934 1722 1976 ubi
1752 1938 1865 1976 recte

211 2001 404 2042 omittere
448 2000 614 2042 uidetur
657 1999 807 2050 κακὸν,
855 2001 967 2053 quod
1013 2001 1182 2053 quidem
1221 2014 1314 2042 cum
1354 2001 1395 2040 in
1434 2001 1607 2053 reliquis
1648 2000 1864 2043 codicibus

210 2068 414 2109 incertum
459 2067 615 2109 habeat
652 2068 814 2119 locum,
861 2072 1100 2120 suspectum
1141 2071 1241 2108 erat.
1310 2080 1563 2120 quamquam
1604 2067 1729 2119 igitur
1769 2080 1865 2109 con-

212 2134 305 2177 cedi
343 2138 482 2187 potest
511 2133 602 2176 fieri
633 2147 779 2187 posse,
819 2138 864 2175 ut
894 2134 1123 2176 Vossianus
1155 2134 1312 2187 quippe
1343 2134 1414 2185 qui
1445 2147 1498 2174 ex
1528 2134 1642 2175 nullo
1674 2133 1866 2176 codicum

213 2202 482 2255 superstitum
504 2200 660 2254 petitus
682 2201 746 2253 sit,
779 2201 892 2243 solus
921 2200 1084 2254 aliquid
1115 2204 1227 2242 recte
1259 2202 1502 2253 seruauerit,
1534 2204 1674 2242 tamen
1704 2214 1867 2242 summa

211 2269 253 2309 in
277 2268 355 2310 hac
378 2281 422 2310 re
442 2267 668 2321 prudentia
689 2280 792 2320 opus
815 2280 906 2310 esse
929 2271 1118 2321 apparet.
1169 2280 1219 2308 ac
1239 2267 1424 2320 priorum
1447 2267 1653 2309 editorum
1675 2280 1789 2309 error
1814 2280 1863 2310 eo

214 2339 451 2388 excusatur,
483 2334 594 2387 quod
616 2334 872 2387 nesciebant,
906 2334 1006 2387 quid
1028 2334 1162 2386 prima
1183 2346 1307 2374 manu
1328 2335 1526 2388 scriptum
1557 2339 1668 2377 esset
1697 2335 1740 2376 in
1762 2335 1865 2377 Vos-

212 2403 353 2456 sian0‚
395 2401 497 2455 quid
535 2415 560 2443 a
600 2402 904 2443 correctoribus
944 2405 1092 2454 postea
1131 2401 1362 2454 inuectum,
1403 2401 1474 2454 qui
1512 2400 1640 2444 fuisse
1672 2401 1866 2443 uidentur

212 2481 384 2510 numero
406 2473 502 2510 tres.
548 2469 707 2521 primus
729 2468 839 2510 enim
862 2467 1069 2520 quaedam
1092 2468 1274 2510 correxit
1294 2469 1537 2521 rubricator,
1562 2481 1652 2510 cum
1676 2468 1865 2510 codicem

212 2535 452 2588 adnotaret3
484 2534 593 2577 hunc
615 2535 794 2577 eundem
816 2539 946 2577 totum
971 2535 1122 2576 librum
1146 2549 1345 2578 exarasse
1376 2535 1483 2577 sumi
1514 2539 1665 2588 potest.
1715 2538 1866 2588 postea

215 2602 373 2654 extitit,
414 2602 484 2654 qui
516 2615 608 2644 cum
639 2603 724 2644 alia
755 2602 931 2643 mutauit
961 2606 1046 2643 tum
1079 2603 1197 2644 illum
1228 2603 1280 2644 de
1312 2602 1478 2644 Christo
1509 2603 1647 2644 locum
1677 2601 1864 2654 induxit3

328 2736 359 2774 1)
384 2733 626 2768 adnotamenti
650 2744 734 2777 pars
752 2734 928 2777 posterior
943 2733 1101 2776 margine
1117 2734 1236 2768 acciso
1253 2731 1435 2768 mutilatus
1452 2736 1518 2768 est.
1558 2734 1693 2777 partem
1711 2732 1865 2776 priorem

215 2792 366 2831 apparet
390 2791 552 2832 spectare
570 2790 614 2824 ad
632 2800 673 2823 ea
690 2799 781 2833 quae
797 2789 942 2823 inducta
959 2792 1057 2833 sunt3
1083 2790 1218 2825 addidit
1242 2790 1368 2824 deinde
1391 2790 1447 2823 uir
1470 2789 1596 2823 doctus
1614 2787 1772 2832 quisquis
1797 2787 1867 2821 fuit

212 2843 453 2877 testimonium
484 2844 526 2879 de
553 2844 692 2880 Christo
725 2849 845 2880 extare
872 2845 908 2879 in
931 2844 1191 2888 Antiquitatum
1216 2846 1294 2881 Iud.
1320 2846 1410 2881 libro
1436 2845 1566 2891 ΧᾟΙΙ.
1717 2846 1748 2886 2)
1773 2843 1866 2877 infra

215 2902 333 2933 tamen
356 2899 407 2934 IV
433 2902 496 2934 634
507 2910 557 2944 sq.
584 2911 663 2935 cum
687 2901 830 2944 reliquis
855 2900 962 2935 habet
984 2901 1153 2936 κικίλιον.
