2018 3236
120 263 200 301 244

119 397 200 434 245

116 1330 196 1369 250

116 1464 192 1503 251

122 1733 202 1772 252

232 148 311 184 602
573 143 639 177 DE
664 141 821 176 BELLO
847 140 942 175 IUD.
968 139 1036 174 VII
1061 142 1239 174 244-252
1263 141 1323 182 (vn
1351 145 1379 172 4.
1407 144 1466 170 v111
1496 144 1524 182 1)

343 262 381 300 4.
418 255 475 298 Τὸ
518 254 564 296 δὲ
601 255 686 295 τῶν
713 248 909 294 ’Ἀλανῶν
948 252 1080 301 ἔθνος
1119 246 1187 293 ὅτι
1224 254 1303 305 μέν
1344 250 1430 293 εἰσι
1461 251 1632 295 Σκύθαι
1670 254 1774 307 περὶ
1805 252 1881 295 τὸν

236 325 398 367 Τάναϊν
423 323 494 363 καὶ
525 319 602 376 τῂν
624 321 833 361 ῙΙΙαιιῦτιν
864 319 1016 375 λίμνην
1046 320 1357 370 κατοικοῦντες,
1390 318 1604 373 πρότερόν
1636 335 1723 360 που
1757 319 1882 376 δεδη-

232 391 437 442 λώκαμεν,
468 387 578 429 κατὰ
608 386 787 434 τούτους
820 385 865 427 δὲ
894 384 997 434 τοὺς
1023 384 1203 439 χρόνους
1234 385 1545 442 διανοηθέντες
1576 385 1638 435 εἷς
1667 384 1743 440 τὴν
1779 390 1880 443 Μη-

231 459 326 500 δίαν
348 457 417 497 καὶ
442 455 710 508 προσωτέρω
730 451 890 508 ταύτης
912 451 975 495 ἔτι
1006 447 1114 494 καθ’
1151 449 1352 507 ἁρπαγὴν
1383 451 1587 506 ἐμβαλεῖν
1617 455 1679 508 τῷ
1708 454 1884 507 βασιλεῖ

228 526 312 566 τῶν
329 521 540 577 Ὑρκανῶν
571 521 867 574 διαλέγονται·
897 521 973 575 τῆς
1004 518 1202 573 παρόδου
1232 518 1314 574 γὰρ
1346 515 1471 569 οὗτος
1503 520 1720 577 δεσπότης
1751 519 1881 572 ἐστίν,

227 591 278 647 ἣν
331 590 351 632 ὁ
407 586 613 643 βασιλεὺς
652 582 939 640 Ἀλέξανδρος
989 586 1150 636 πύλαις
1196 586 1396 643 σιδηραῖς
1441 586 1640 643 κλειστὴν
1685 586 1881 643 ἐποίησε.

226 654 422 699 κάκείνου
459 654 536 712 τὴν
567 654 739 696 εἴσοδον
771 649 919 703 αὐτοῖς
949 653 1254 708 παρασχόντος
1286 649 1449 708 ἀθρόοι
1489 657 1562 698 καὶ
1602 654 1736 712 μηδὲν
1775 671 1883 709 προ-

227 722 536 766 υποπτεύσασι
566 730 658 771 τοῖς
689 720 868 776 ,Μήδοις
908 720 1197 770 ἐπιπεσόντες
1226 717 1369 775 χώραν
1411 722 1772 777 πολυάνθρωπον
1811 723 1883 764 καὶ

228 794 451 833 παντοίων
492 785 735 842 ἀνάμεστον
773 788 1062 845 βοσκημάτων
1102 787 1343 843 διήρπαζον
1382 788 1568 845 μηδενὸς
1607 785 1755 839 αὖτοῖς
1785 789 1883 831 τολ-

228 860 397 911 μιῦντος
436 852 759 899 ἀνθίστασθαι.
820 858 893 898 καὶ
932 855 1013 910 γὰρ
1054 854 1075 899 ὁ
1114 856 1358 909 βασιλεύων
1396 859 1472 913 τῆς
1506 857 1651 912 χώρας
1681 858 1886 910 Πάκορος

226 922 313 967 ὑπὸ
353 924 476 972 δέους
508 921 570 972 εἷς
598 922 677 972 τὰς
709 923 952 976 δυσχωρίας
984 919 1241 980 ἀναφεύγων
1272 926 1358 966 τιῦν
1389 924 1467 978 μὲν
1499 921 1642 966 ἄλλων
1674 921 1884 965 ἁπάντων

228 989 594 1047 παρακεχωρήκει,
624 989 754 1044 μόλις
785 990 831 1031 δὲ
855 986 966 1044 παρ’
1004 986 1145 1032 αἰντιῦν
1176 990 1386 1047 ἐρρύσατο
1419 991 1496 1048 τήν
1526 1008 1573 1033 τε
1602 999 1782 1047 γυναῖκα
1812 990 1883 1031 καὶ

227 1058 306 1108 τὰς
346 1056 574 1106 παλλακὰς
607 1056 909 1111 αἰχμαλώτους
938 1061 1171 1113 γενομένας
1202 1057 1355 1101 ἑκατὸν
1388 1057 1488 1109 δοὺς
1517 1059 1724 1101 τάλαντα.
1775 1054 1884 1110 μετὰ

228 1126 394 1183 πολλῆς
437 1115 510 1167 οὖν
551 1124 775 1181 ῥᾳστώνης
815 1120 973 1178 άμαχεὶ
1012 1125 1273 1179 ποιούμενοι
1311 1125 1390 1176 τὰς
1422 1125 1624 1181 ἁρπαγὰς
1655 1128 1779 1180 μέχρι
1808 1125 1886 1178 τῆς

226 1189 455 1247 Ἀρμενίας
477 1193 709 1248 προῆλθον
729 1191 877 1234 πάντα
900 1193 1223 1249 λεηλατοῦντες.
1279 1193 1516 1250 Τιριδάτης
1537 1189 1579 1235 δ>
1619 1189 1749 1249 αὐτῆς
1781 1190 1885 1246 ἐβα-

230 1261 409 1312 σίλευεν,
442 1258 490 1309 ὃς
512 1257 790 1309 ὑπαντιάσας
813 1255 961 1308 αὐτοῖς
981 1261 1053 1302 καὶ
1079 1259 1378 1316 ποιησάμενος
1408 1261 1547 1317 μάχην
1579 1259 1702 1314 παρὰ
1732 1258 1886 1314 μικρὸν

228 1319 366 1382 ἦλθεν
403 1322 476 1368 ἐπ’
514 1322 645 1381 αὐτῆς
676 1325 784 1377 ζωὸς
815 1324 981 1368 ἆλιῦναι
1011 1329 1089 1383 τῆς
1119 1327 1429 1382 παρατάξεως·
1468 1328 1625 1382 βρόχον
1655 1326 1736 1382 γὰρ
1769 1321 1887 1380 αὐτῷ

230 1394 484 1450 περιβαλών
508 1410 575 1443 τις
607 1393 782 1447 ἔμελλεν
814 1393 1095 1446 ἐπισπάσειν,
1128 1393 1166 1436 εἷ
1195 1393 1252 1450 μὴ
1285 1397 1348 1450 τῷ
1381 1399 1497 1451 ςίφει
1529 1396 1698 1436 θᾶττον
1729 1392 1888 1441 ἐκεῖνος

231 1463 305 1505 τὸν
345 1462 472 1504 τόνον
509 1461 655 1515 κόψας
697 1460 816 1517 ἔφθη
858 1461 1100 1517 διαφυγεῖν.
1160 1462 1202 1504 οἱ
1242 1462 1287 1504 δὲ
1325 1463 1398 1504 καὶ
1439 1460 1513 1504 διὰ
1544 1460 1621 1519 τὴν
1652 1460 1792 1517 μάχην
1823 1459 1887 1502 ἔτι

227 1530 395 1583 μᾶλλον
437 1528 730 1583 ἀγριωθέντες
760 1527 837 1583 τὴν
867 1529 944 1581 μὲν
973 1528 1117 1582 χώραν
1150 1529 1438 1584 ἐλυμήναντο,
1482 1528 1595 1571 πολὺ
1629 1529 1675 1571 δὲ
1707 1529 1886 1585 πλῆθος

230 1593 485 1651 ἀνθρώπων
524 1597 596 1637 καὶ
626 1597 703 1652 τῆς
734 1592 868 1652 ἄλλης
899 1597 1019 1644 λείας
1050 1593 1227 1650 ἄγοντες
1259 1596 1303 1646 ἐξ
1334 1592 1503 1652 άμφοῖν
1533 1599 1620 1638 τιῦν
1650 1596 1886 1651 βασιλειῶν

230 1663 367 1706 πάλιν
401 1663 463 1711 εἰς
492 1662 570 1719 τὴν
602 1662 766 1704 οἰκείαν
798 1658 1169 1718 ἀνεκομίσθησαν.

346 1732 456 1773 VIII.
492 1734 526 1772 1.
558 1725 653 1772 Ἐπὶ
688 1729 733 1771 δὲ
764 1730 840 1784 τῆς
865 1724 1079 1778 Ἰουδαίας
1110 1729 1288 1772 Βάσσου
1319 1729 1657 1786 τελευτήσαντος
1691 1728 1886 1778 Φλαύιος

231 1798 393 1851 Σίλβας
425 1796 670 1849 διαδέχεται
700 1795 777 1852 τὴν
806 1793 1052 1851 ἡγεμονίαν,
1084 1797 1157 1838 καὶ
1181 1795 1259 1853 τὴν
1279 1796 1357 1850 μὲν
1390 1794 1524 1852 ἄλλην
1555 1794 1670 1851 ὁρῶν
1703 1790 1884 1838 ἅπασαν

342 1951 643 1985 PAMLVRCLat
652 1951 871 1995 Hegesippus
888 1951 920 1985 V
938 1954 979 1984 50
997 1962 1030 1995 p.
1050 1954 1127 1986 374.

347 2011 354 2040 l
386 2008 455 2051 μὲν
479 2007 549 2043 εἰσὶ
573 2006 676 2041 ΡΑΜ
790 2009 887 2052 περὶ]
913 2007 1017 2042 iuxta
1042 2007 1112 2041 Lat
1219 2011 1237 2042 2
1262 2005 1431 2052 μαιώτιν,
1457 2021 1491 2042 ιν
1515 2017 1558 2041 ex
1581 2021 1624 2053 ην
1650 2015 1741 2042 corr.
1767 2005 1794 2039 P

229 2068 313 2106 που]
339 2062 456 2109 δήπου
481 2063 525 2106 C;
558 2063 692 2097 Alanos
723 2066 829 2097 antea
861 2073 933 2097 non
963 2063 1173 2097 memorauit
1197 2063 1369 2107 Iosephus
1509 2067 1528 2097 3
1553 2063 1621 2108 τὴν
1643 2060 1797 2107 μήδειαν
1821 2061 1882 2095 PA

230 2126 361 2156 terram
385 2118 536 2154 mediam
561 2118 630 2152 Lat
751 2122 771 2152 4
795 2120 1021 2165 προσοῖέρω
1046 2119 1074 2152 Ρ
1099 2120 1334 2167 προσωτέρω
1358 2131 1401 2155 ex
1427 2117 1621 2166 πρότερον
1645 2128 1736 2152 corr.
1760 2117 1792 2151 V

229 2207 473 2256 ἐμβάλλεινΙι
567 2212 585 2242 5
612 2187 736 2245 οὗτὲισ
762 2208 787 2242 C
879 2207 992 2251 ἐστὶν]
1017 2203 1062 2255 ἧν
1087 2208 1112 2242 C
1206 2212 1225 2242 6
1254 2206 1300 2255 ἣν
1324 2220 1392 2245 om.
1419 2209 1469 2244 R¹
1538 2212 1554 2241 Ἴ
1583 2205 1726 2254 ἁθρόοι
1751 2207 1817 2242 VR

228 2268 291 2301 καὶ
315 2276 382 2300 om.
408 2265 477 2298 Lat
567 2268 586 2299 9
612 2260 807 2308 άνάμεσον
831 2265 860 2298 L
980 2269 1018 2300 10
1044 2260 1328 2301 α’ναθίστασθαι
1355 2265 1406 2300 sic
1430 2265 1464 2299 R
1563 2260 1742 2310 βασιλεὺσ
1766 2262 1794 2296 Ρ

233 2324 271 2355 11
298 2316 503 2366 άναφυγών
527 2321 692 2356 MLVRC
716 2321 906 2366 refuqiens
930 2321 999 2355 Lat
1107 2324 1147 2355 13
1172 2324 1316 2357 παλλα·
1334 2340 1341 2346 -
1359 2318 1477 2366 -Ικὰσ
1501 2321 1533 2354 Α
1558 2317 1768 2360 παλλακὰσ,
1793 2332 1816 2354 α
1842 2327 1886 2352 ex

232 2390 252 2412 ο
278 2387 381 2418 corr„
406 2379 451 2411 λα
477 2377 498 2411 i.
524 2386 594 2411 ras,
620 2376 652 2411 V
676 2376 854 2413 παλακασ
879 2377 905 2411 O
1003 2381 1039 2411 15
1066 2373 1254 2423 ἁρμενίασ
1277 2377 1316 2411 Μ
1431 2373 1632 2422 τηριδάτησ
1656 2375 1826 2410 MLV²R²
1850 2376 1886 2409 et

233 2442 276 2466 ex
301 2443 392 2467 corr.
420 2433 452 2465 A
479 2431 649 2475 tyre'datis
673 2432 742 2467 Lat
752 2433 826 2476 Heg
940 2433 977 2469 δὲ
1002 2433 1069 2468 VR
1174 2436 1212 2468 17
1239 2428 1301 2468 ἐπ’
1327 2428 1449 2477 αὐτῆς]
1475 2433 1511 2466 in
1536 2433 1638 2474 (acie)
1661 2431 1725 2465 illa
1749 2431 1819 2465 Lat

231 2486 341 2532 ζωὸς]
366 2491 452 2532 ζῶν,
475 2502 494 2523 ν
518 2488 541 2522 i.
566 2498 636 2524 ras.
662 2491 681 2521 2
704 2488 770 2523 litt.
797 2489 830 2523 R.
932 2487 1081 2536 βρόχον
1107 2509 1147 2514 —-
1174 2491 1215 2522 18
1241 2492 1307 2531 τις]
1325 2488 1465 2533 procul
1488 2488 1580 2523 enim
1606 2487 1751 2532 quidam
1776 2486 1884 2520 misso

230 2555 308 2578 eum
333 2544 460 2588 laqueo
485 2544 743 2579 circumdatum
768 2545 837 2578 Lat
954 2548 993 2579 18
1019 2542 1236 2591 περιβαλών
1260 2550 1325 2588 τις]
1351 2539 1572 2592 περιβαλών
1595 2556 1654 2579 τισ
1679 2540 1886 2589 πόρρωθεν

230 2599 268 2633 Μ
293 2600 353 2635 τίσ
378 2598 583 2647 πόρρωθεν
606 2597 798 2645 ἐπιβαλὼν
822 2601 850 2634 L
876 2599 936 2636 τίσ
960 2603 1032 2642 (τισ
1057 2601 1096 2643 C)
1122 2598 1328 2646 πόρρωθεν
1352 2598 1570 2647 περιβαλὼν
1593 2599 1687 2634 VRO
1790 2597 1885 2634 ἐπει-

232 2652 390 2691 σπάσειν
415 2656 441 2690 C
533 2657 600 2701 τῷ]
626 2653 671 2691 τὸ
698 2656 723 2689 O
818 2658 858 2689 20
883 2656 963 2700 μὲν]
990 2656 1097 2697 OLat‚
1123 2667 1192 2691 om.
1217 2656 1420 2692 PAMLVR
1503 2655 1763 2701 ἐλυμήναντο
1790 2654 1818 2688 Ρ

233 2713 271 2744 21
299 2711 503 2756 βασιλείων
526 2711 604 2745 PA¹
627 2710 814 2756 βασιλέων
837 2711 970 2745 MVRC
1041 2715 1082 2746 22
1109 2712 1234 2748 οἰκίαν
1257 2713 1317 2747 LO
1408 2711 1664 2757 ἐκομίσθησαν
1686 2709 1886 2745 AMLVRC

231 2765 415 2800 redierunt
438 2766 507 2800 Lat
599 2770 640 2801 23
665 2766 687 2800 i.
711 2777 819 2809 marg.
846 2763 880 2800 λ’
908 2766 933 2800 C
1066 2766 1240 2809 Φλαύιος]
1266 2766 1426 2811 φλούϊοσ
1449 2767 1621 2803 PAMVR
1646 2764 1832 2813 φλαούϊοσ
1856 2765 1885 2799 L

231 2825 418 2868 φουλβιοσ
443 2822 469 2856 O
489 2822 625 2867 flaccius
649 2822 717 2856 Lat
736 2821 907 2868 Φλάβιοσ
929 2822 1021 2866 Zon3
1047 2823 1129 2858 fort.
1156 2821 1296 2865 Φλάιος
1320 2823 1560 2868 reponendum
1664 2826 1706 2856 24
1732 2816 1886 2859 ἅπασαν

233 2874 335 2924 ὁρῶν
358 2881 400 2913 tr.
424 2877 518 2912 VRC
614 2873 767 2913 ἅπασαν
791 2888 859 2913 om.
885 2877 955 2911 Lat

1914 531 1931 561 5

1916 864 1952 897 10

1917 1201 1952 1233 15

1919 1537 1955 1569 20
