2039 3251
67 869 102 901 10

67 1205 100 1236 15

63 1541 100 1573 20

532 141 596 174 DF.
624 137 782 175 BELLO
808 139 902 174 IUD.
930 140 997 174 VH
1024 141 1194 174 4⁴5—451
1225 141 1270 179 (x1
1300 142 1398 180 2—4)
1717 137 1795 171 (527

136 254 216 310 την
239 254 401 297 ἐκείνου
425 252 671 309 [Βερενίκην
692 261 789 301 ταῖς
812 250 991 307 αἷιίιιις]
1016 250 1328 304 συνεμπλέξας,
1361 250 1540 300 τούτους
1563 249 1642 303 μὲν
1673 254 1796 303 πρῶ-

136 338 211 363 τον
234 317 413 373 άνεῑλεν,
447 321 521 363 ε’πὶ
546 317 585 361 δ’
614 315 763 369 αἶ’τοῐς
795 314 996 369 ἅπαντας
1026 318 1126 368 τους
1158 315 1346 374 εὐπορίᾳ
1373 317 1608 373 χρημάτων
1641 317 1794 374 διαγέ-

137 405 293 443 ροντας
324 387 435 442 ὁμοῦ
456 406 499 430 τι
519 389 687 440 χιλίους
720 387 953 442 ἐφόνευσεν
987 383 1170 440 ἄνδρας·
1201 387 1432 428 καὶταῦτα
1464 385 1676 439 πράττειν
1699 383 1793 426 ἐνύ-

134 456 255 510 μιζεν
288 452 513 512 άσφαλιῦς,
546 450 615 497 ὅτι,
646 454 726 504 τὰς
758 451 911 503 ούσίας
943 449 1085 495 αὐτῶν
1111 452 1173 501 εἰς
1194 451 1274 501 τὰς
1296 455 1372 494 τοῦ
1397 456 1622 507 Καίσαρος
1653 467 1795 507 προσ-

135 523 264 574 όδους
296 519 605 577 ἀνελάμβανεν.

249 594 286 633 3.
308 586 461 641 (Όπως
484 591 529 632 δὲ
551 590 660 647 μηδὲ
684 586 872 642 ἀλλαχοῦ
894 602 1009 636 τινες
1029 588 1114 628 τῶν
1143 584 1365 629 Ἰουδαίων
1397 585 1628 642 ἐλέγξωσιν
1662 583 1795 629 αὐτοῦ

134 657 212 714 τὴν
244 653 432 709 ἀδικίαν,
466 661 734 712 πορρωτέρω
766 655 813 699 τὸ
844 655 1007 711 ψεῦδος
1040 654 1221 704 ἐξέτεινε
1252 656 1324 697 καὶ
1356 658 1513 697 πείθει
1544 654 1620 697 τὸν
1648 650 1795 697 Ἰωνά-

136 728 224 783 θην
254 730 328 768 καί
356 742 479 775 τινας
517 727 604 767 τιῦν
640 720 717 778 ἅμ’
755 724 902 778 ἐκείνῳ
942 723 1291 778 συνειληιιιμένων
1332 724 1625 777 νεωτερισμοῦ
1664 739 1795 778 κατη-

134 797 287 849 γορίαν
318 792 547 849 ἐπιφέρειν
578 801 670 841 τοῖς
702 792 745 834 ἑν
772 789 1083 846 Ἀλεξανδρείᾳ
1113 806 1159 831 τε
1190 792 1260 832 καὶ
1289 787 1423 845 Ῥώμῃ
1458 792 1545 831 τῶν
1574 786 1795 853 Ἰουδαίων

134 857 466 915 δοκιμωτάτοις.
525 860 692 902 τούτων
725 858 786 908 εἷς
816 861 902 900 τῶν
935 856 981 907 ἐξ
1011 857 1249 915 ἐπιβουλῆς
1291 857 1586 899 αἰτιαθέντων
1628 855 1677 914 ἦν
1703 853 1794 900 Ἰώ-

134 943 277 984 σηπος
307 925 328 969 ὃ
361 930 498 970 ταῦτα
531 926 906 983 συγγραψάμενος.
968 921 1017 967 οὗ
1048 925 1133 981 μὴν
1166 922 1261 967 κατ’
1299 924 1460 966 ἐλπίδα
1491 927 1554 980 τιιιῖ
1576 925 1792 981 Κατύλλῳ

133 995 181 1037 τὸ
216 995 473 1052 σκευώρημα
505 994 830 1050 προεχώρησεν·
866 989 937 1050 ἧκε
958 993 1037 1047 μὲν
1062 992 1143 1048 γὰρ
1168 992 1229 1042 εἰς
1260 992 1336 1049 τὴν
1363 989 1526 1049 Ῥώμην
1557 991 1658 1042 τοὺς
1690 995 1793 1046 περὶ

132 1061 208 1105 τὸν
235 1058 448 1119 Ἰωνάθην
480 1060 595 1118 ἰίγων
627 1062 882 1115 δεδεμένους
912 1063 984 1103 καὶ
1016 1063 1156 1116 πέρας
1178 1058 1287 1116 ᾤετο
1310 1063 1387 1118 τῆς
1409 1060 1648 1110 ἐξετάσεως
1680 1059 1793 1103 εἶναι

132 1128 209 1182 τὴν
250 1126 323 1172 ἐπ’
367 1127 501 1172 αὐτοῦ
538 1131 609 1172 καὶ
650 1124 712 1172 δι’
757 1125 890 1171 αὐτοῦ
927 1134 1162 1185 γενομένην
1209 1129 1520 1184 ψευδολογίαν,
1587 1124 1794 1171 Οὐεσπα-

133 1196 284 1247 σιανὸς
305 1196 419 1240 δὲτὸ
445 1199 625 1252 πρᾶγμα
656 1194 943 1246 ὑποπτεύσας
976 1192 1180 1253 ἀναζητεῖ
1202 1196 1280 1251 τὴν
1313 1192 1531 1254 ἀλήθειαν
1560 1199 1633 1239 καὶ
1664 1198 1792 1251 γνούς

132 1261 282 1307 ἄδικον
312 1263 390 1320 τὴν
423 1264 570 1308 αἰτίαν
607 1274 700 1315 τοῖς
739 1260 950 1318 άνδράσιν
991 1262 1331 1321 ἐπενηνεγμένην
1370 1263 1472 1314 τοὺς
1511 1264 1590 1317 μὲν
1631 1259 1793 1321 ἀφίησι

130 1334 218 1374 τιῦν
249 1331 527 1390 ἐγκλημάτων
564 1336 694 1374 Τίτου
727 1331 1085 1382 σπουδάσαντος,
1127 1331 1249 1388 δίκην
1282 1327 1320 1372 δ’
1357 1330 1575 1388 ἐπέθηκεν
1601 1328 1790 1388 Ἰωνάθῃ

129 1398 207 1454 τὴν
238 1399 569 1455 προσήκουσαν
603 1399 684 1451 ζιῦν
715 1398 798 1455 γὰρ
830 1398 1079 1455 κατεκαύθη
1113 1398 1329 1454 πρότερον
1362 1399 1599 1450 αἰκισθείς.

245 1472 282 1509 4.
316 1467 530 1523 Κατύλλῳ
563 1467 609 1509 δὲ
640 1467 739 1509 τότε
769 1467 846 1520 μὲν
877 1464 1044 1523 ύπῆρξε
1076 1465 1148 1509 διὰ
1169 1466 1248 1523 τὴν
1279 1467 1511 1524 πρᾳότητα
1542 1470 1627 1509 τιῦν
1660 1463 1790 1509 αύτο-

129 1534 353 1590 κρατόρων
383 1535 519 1592 μηδὲν
550 1536 704 1577 πλεῖον
737 1532 974 1589 ὑπομεῖναι
1004 1534 1330 1590 καταγνώσεως,
1365 1531 1440 1577 οὐκ
1471 1535 1533 1585 εἰς
1553 1535 1722 1590 μακρὰν
1745 1536 1792 1577 δὲ

241 1690 438 1726 PAMLVC
448 1691 533 1735 Lips
544 1691 613 1725 Par
623 1691 691 1725 Lat
701 1692 858 1726 Zonaras
876 1692 892 1725 Ι
909 1703 942 1736 p.
963 1695 1039 1726 561.
1077 1691 1156 1726 Exc
1181 1692 1335 1726 Peiresc.

245 1750 257 1781 1
286 1748 502 1794 Βερενίκην]
527 1757 594 1782 om.
620 1746 728 1782 PExo
752 1749 931 1795 βερνίκην
956 1747 1088 1782 MLVC
1099 1748 1185 1792 Lips
1212 1749 1352 1784 bernice
1377 1751 1440 1782 aut
1464 1748 1630 1783 beronice
1655 1748 1724 1782 Lat

129 1808 211 1844 ταῖς
236 1802 373 1846 αἰτίαις
397 1813 466 1838 om.
491 1804 553 1837 PA
646 1804 859 1848 συμπλέξασ
885 1804 1017 1838 PAML
1100 1807 1118 1838 2
1144 1804 1183 1840 δὲ
1206 1804 1267 1840 VC
1291 1808 1327 1839 et
1351 1815 1395 1839 m.
1425 1808 1438 1838 1
1466 1804 1553 1849 Lips
1647 1808 1665 1839 3
1693 1801 1790 1847 ὁμοῦ

128 1872 161 1894 τι
181 1860 335 1904 χιλίους]
355 1859 381 1893 Ρ
408 1856 505 1904 ὁμοῦ
529 1861 760 1907 τρισχιλιόυσ
776 1859 1039 1905 AMLVCLips
1049 1860 1206 1895 LatExe
1297 1855 1510 1906 ἐφόνευσαν
1526 1862 1559 1895 Α
1658 1864 1789 1902 ταῦτα]

129 1915 258 1950 abhinc
283 1926 396 1960 usque
420 1917 465 1950 ad
490 1928 523 1950 u.
556 1920 590 1951 11
620 1914 938 1962 συγγραψάμενος
962 1916 1074 1951 multa
1098 1917 1258 1952 abscissa
1282 1919 1366 1951 sunt
1388 1917 1424 1951 in
1456 1917 1493 1958 C,
1519 1927 1622 1962 quem
1647 1919 1791 1962 supplet

128 1971 206 2006 cod.
221 1972 370 2008 Parisin.
388 1975 471 2006 1427
533 1967 712 2019 πράττων
722 1973 915 2016 VLipsPar
974 1976 994 2006 4
1013 1973 1065 2014 εἰς
1082 1970 1149 2015 τὰς
1166 1983 1269 2008 euan,
1289 1974 1315 2007 P
1376 1976 1394 2008 6
1411 1974 1512 2019 μηδὲ]
1529 1971 1613 2020 μηδ’
1635 1984 1678 2008 ex
1697 1984 1787 2008 corr.

128 2027 215 2072 Lips
238 2027 288 2073 μὴ
314 2028 392 2062 Exc
485 2024 651 2074 ἀλλαχοῦ
681 2039 785 2063 euau.
812 2029 838 2062 P
911 2042 1008 2071 τινες
1033 2032 1109 2065 τῶν
1133 2025 1321 2066 Ἰουδαίων
1345 2041 1413 2065 om.
1441 2031 1520 2064 Exc
1587 2027 1787 2071 Ἰουδαίων]

127 2082 258 2120 ἰδαίων
282 2083 312 2117 L
406 2088 423 2119 ἰ’
452 2098 718 2131 πορρωτΗΗ
733 2087 924 2131 *Ιψεῦδοσ
949 2086 975 2119 Ρ
1058 2087 1318 2133 προρρωτέρω
1335 2087 1368 2121 V
1437 2085 1617 2128 ἐξέτεινεν
1641 2087 1720 2121 Exc

127 2137 306 2186 ἰωνάθην,
331 2139 376 2176 νά
393 2151 437 2175 ex
453 2138 500 2177 κά
519 2151 609 2175 corr.
628 2141 702 2175 uid.
725 2143 755 2173 A
828 2143 846 2175 S
873 2154 979 2177 τινοσ
996 2142 1024 2175 L
1097 2146 1184 2184 τῶν]
1210 2140 1279 2178 τὸν
1297 2143 1323 2176 Ρ
1395 2136 1478 2186 ἅμ’]
1503 2153 1606 2177 euan.
1626 2142 1683 2177 PC
1709 2136 1787 2187 ἅμα

127 2195 400 2241 MLVLipsPar
493 2197 802 2243 συνειλημμένων,
828 2210 850 2232 σ
875 2207 917 2231 ex
943 2210 962 2232 ν
987 2208 1078 2232 corr.
1103 2199 1136 2232 A
1162 2197 1388 2235 συνειδότων
1411 2199 1441 2232 L
1540 2201 1786 2245 κατηγορίαν]

125 2281 222 2320 κατὰ
248 2286 385 2332 ταύτην
408 2286 438 2320 L
531 2290 550 2321 9
575 2283 839 2336 Ἀλεξανδρείᾳ]
866 2245 1003 2329 οἷλεξιίῖἴ
1026 2288 1055 2322 L
1081 2284 1241 2335 ἅλεδρίω
1268 2289 1345 2323 Exc
1438 2286 1571 2333 Ῥώμῃ]
1598 2287 1787 2335 ῥωμαίοισ

127 2340 204 2375 Exc
279 2343 316 2375 10
334 2340 603 2387 δοκιμωτάτων
620 2344 698 2377 Exc
769 2338 926 2385 τούτων,
950 2342 1018 2380 τού
1038 2355 1063 2379 s.
1085 2345 1110 2380 C
1181 2349 1257 2381 τῶν
1276 2345 1393 2390 suppl.
1411 2347 1444 2379 A
1514 2345 1786 2382 αἰτια·θέντων

125 2421 228 2459 (eras.
257 2421 291 2461 σ)
315 2419 348 2452 Α
373 2419 604 2464 αἱρεθέντων
627 2421 657 2455 L
750 2416 794 2466 ἦν
819 2433 886 2457 om.
913 2424 946 2457 A
1021 2427 1054 2457 11
1087 2418 1279 2472 Κατύλλῳ]
1305 2418 1475 2460 δακτΰλω
1502 2424 1532 2458 L
1607 2427 1645 2459 12
1672 2421 1786 2460 σκεώ-

704 2480 751 2499 80)

128 2510 226 2543 ρημα
252 2499 280 2530 A
307 2495 529 2545 σκαιώρημα
554 2499 624 2533 ML
651 2498 874 2547 σκευώρημα
900 2503 940 2542 (s.
966 2512 1012 2536 m.
1040 2505 1072 2545 2)
1097 2502 1129 2537 V
1155 2500 1371 2549 σκευόρημα
1398 2503 1511 2537 CExc
1648 2515 1786 2549 προσε-

122 2550 295 2599 χώρησεν
319 2554 426 2590 PExc
450 2557 602 2590 accessit
625 2556 696 2592 Lat
773 2560 812 2591 13
837 2558 859 2593 i.
886 2568 995 2602 marg.
1020 2555 1056 2602 μ’
1084 2558 1109 2592 C
1181 2556 1290 2607 ᾠέτο]
1318 2555 1374 2594 ὡσ
1400 2555 1497 2594 ώετο
1523 2559 1601 2593 Exc
1678 2555 1785 2600 εἶναι]

125 2615 228 2654 σχεῖν
252 2610 291 2644 Μ
315 2613 378 2646 καὶ
401 2611 432 2644 L
457 2621 533 2646 esse
556 2611 626 2646 Lat
727 2616 767 2647 14
790 2610 854 2649 ἐπ’
879 2609 1007 2655 αὐτοῦ]
1033 2612 1169 2651 ἑαυτοῦ
1194 2616 1220 2650 Ο
1334 2618 1398 2650 καὶ
1423 2611 1473 2650 δι’
1500 2613 1629 2656 αὐτοῦ]
1656 2615 1785 2650 διεκεί-

124 2677 191 2701 νου
214 2666 291 2701 Exc
431 2670 471 2702 15
497 2670 665 2714 πρᾶγμα,
688 2682 741 2712 μα
766 2669 882 2714 suppl.
908 2670 943 2703 in
969 2671 1065 2705 exitu
1090 2681 1216 2706 uersus
1240 2682 1285 2705 m.
1313 2674 1332 2706 2
1357 2671 1390 2705 V
1531 2668 1784 2712 ὑποπτεύσας]

124 2721 278 2764 spatium
301 2733 455 2758 uacuum
481 2726 499 2758 8
525 2724 592 2758 litt.
619 2723 649 2758 L
725 2720 895 2771 α’νεζήτει
921 2726 997 2760 Exe
1094 2730 1132 2761 16
1158 2723 1304 2763 α’δίκωσ
1330 2727 1356 2762 Ο
1383 2730 1417 2761 et
1441 2738 1485 2761 ex
1510 2737 1602 2761 corr.
1627 2726 1714 2769 Lips

123 2774 410 2825 ἐπινηνεγμένην
433 2780 466 2812 Α
539 2783 576 2814 17
609 2779 720 2816 Τίτου
745 2781 1031 2825 σπουδάσαντος
1056 2793 1123 2818 om.
1150 2783 1229 2818 Exc
1302 2781 1349 2825 δ’]
1375 2794 1401 2818 s.
1427 2784 1459 2816 A
1484 2793 1552 2818 om.
1579 2782 1604 2816 C
1630 2782 1668 2818 δὲ
1693 2781 1724 2816 V
1748 2783 1785 2814 et

123 2842 168 2866 m.
186 2835 201 2867 1
217 2832 304 2877 Lips
376 2838 416 2869 19
441 2832 541 2878 τότε]
559 2836 709 2871 MCExc
727 2841 761 2872 et
784 2848 826 2872 ex
845 2848 935 2873 corr.
954 2841 986 2874 A
999 2839 1086 2884 Lips
1105 2837 1149 2876 τὸ
1169 2840 1329 2875 PA²LV¹
1347 2844 1381 2874 et
1396 2851 1441 2874 m.
1464 2843 1479 2874 1
1495 2839 1582 2883 Lips
1599 2841 1653 2873 τῶ
1666 2838 1715 2872 V2

125 2890 166 2921 20
192 2889 332 2924 πλείων
356 2889 384 2923 Ρ
408 2891 524 2927 πλέον
547 2892 694 2927 MCExc
718 2895 754 2928 et
777 2904 821 2928 ex
845 2905 936 2929 corr.
963 2895 1048 2940 Lips

1441 2950 1510 2983 40*

1826 388 1907 427 446

1827 591 1906 630 447

1826 861 1906 901 448

1825 929 1906 968 449

1825 1134 1905 1172 450

1822 1472 1900 1511 451
