2018 3236
124 329 203 370 219

123 596 145 633 Ν)

151 596 173 624 ⁶
151 596 202 634 20

239 147 318 184 376
605 144 670 178 DE
696 143 852 177 BELLO
878 143 974 177 IUD.
1000 143 1049 176 lV
1075 143 1251 175 218—225
1277 145 1332 182 (111
1360 146 1409 172 14.
1434 144 1468 170 ιν
1495 142 1524 181 1)

235 262 354 301 κέναι
384 275 462 299 κατ
519 255 658 298 αὐτῶν
690 255 752 304 εἷς
782 254 858 310 την
890 253 987 310 ἑξῆς
1016 250 1194 310 ἡμέραν,
1231 248 1290 295 (ιν
1326 246 1352 308 ἢ
1382 251 1492 294 κατὰ
1524 255 1764 307 θρησκείαν
1795 253 1885 295 εἷσ-

236 327 281 368 ελ
287 321 443 373 θόντες
471 316 497 378 η
527 325 598 365 καὶ
628 321 891 376 βιασάμενοι
923 320 1196 374 συμμίξωσιν
1229 315 1390 370 αὐτοῖς.
1442 336 1516 372 ουχ
1549 316 1655 372 ὁρᾶν
1686 319 1732 360 δὲ
1762 323 1886 375 μέχρι

234 397 352 440 τίνος
394 384 419 447 ἢ
458 389 534 445 τὴν
574 387 770 445 φρουρὰν
810 403 1008 430 0L00L0Lv
1046 405 1070 444 ·η
1114 386 1447 441 παρατάξονται
1486 385 1598 442 πρὸς
1636 385 1885 436 τοσούτους.

234 460 498 512 τροσετίθει
543 452 584 498 δ
636 472 695 506 ως
741 450 870 505 αὐτὸς
916 454 1219 510 εἰσπεμφθείη
1265 453 1375 496 κατὰ
1419 455 1530 495 θεοῦ
1574 452 1789 506 πρόνοιαν
1828 450 1886 503 ὥς

234 523 504 580 πρεσβευτὴς
544 525 648 579 περὶ
680 522 941 566 διαλύσεων
981 520 1056 564 τὸν
1086 521 1167 577 γὰρ
1191 518 1374 564 Ἄνανον
1405 520 1567 570 ταύτας
1598 516 1747 570 αυτοῖς
1776 536 1888 574 προ-

232 596 402 643 τείιειν,
435 587 558 641 ὁπως
581 588 958 646 ἀνυποπτοτέροις
980 589 1165 645 ἐπέλθῃ.
1216 589 1307 631 δεῖν
1329 578 1404 631 οὖν
1425 581 1452 644 ᾖ·
1471 590 1534 643 ττῦ
1562 588 1675 643 λόγῳ
1705 589 1783 629 τοῦ
1815 586 1886 644 ζῆν

234 675 336 708 τους
376 674 674 716 φρουρουντας
713 657 917 700 ικετεύειν
957 650 983 714 ἢ
1021 656 1292 710 πορίζεσθαί
1321 673 1419 698 τινα
1450 672 1572 710 παρα
1603 657 1689 697 τῶν
1721 654 1887 704 έξωθεν

235 726 512 781 ἐπικουρίαν·
543 742 643 775 τους
667 725 713 768 δὲ
742 726 1056 778 θαλπομένους
1087 723 1234 766 ἐλπίδι
1268 722 1515 780 συγγνώμης
1547 722 1585 764 εἰ
1614 725 1887 778 κρατηθεῖεν,

235 793 533 849 επιλελῆσθαι
572 795 658 835 τῶν
696 792 821 835 ἰδίων
852 791 1142 847 τολμημάτων
1172 809 1196 847 η
1230 790 1419 844 νομίζειν
1450 785 1539 844 α’μα
1568 792 1631 845 τῷ
1661 798 1888 843 μετανοεῖν

233 860 335 910 τοὺς
376 856 638 916 δεδρακότας
679 855 846 909 ευθέως
877 855 1073 914 ὀφείλειν
1106 858 1374 914 διηλλάχθαι
1403 860 1476 901 καὶ
1506 856 1608 907 τοίς
1638 856 1888 906 παθόντας.

182 940 189 946 ”
237 923 347 970 ἀλλὰ
379 930 464 970 τῶν
494 927 572 981 μὲν
607 923 906 983 ἀδικησάντων
939 925 1012 968 διὰ
1043 929 1200 979 μίσους
1230 925 1444 975 πολλάκις
1474 928 1681 980 γίνεσθαι
1709 925 1779 966 καὶ
1812 923 1889 981 τὴν

233 997 546 1049 μεταμέλειαν,
586 1003 680 1044 τοῖς
712 991 964 1050 ἀδικηθεῖσι
998 993 1043 1035 δὲ
1074 992 1153 1042 τὰς
1184 989 1316 1048 ὀργὰς
1347 992 1424 1034 ἐπ’
1459 991 1658 1042 ἐξουσίας
1683 993 1889 1045 χαλεπω-

236 1067 385 1118 τερας·
419 1062 668 1119 ἐφεδρεύειν
691 1062 738 1103 δέ
767 1078 813 1116 γε
845 1060 1024 1110 εκείνοις
1056 1061 1213 1116 φίλους
1242 1062 1313 1102 καὶ
1347 1068 1562 1115 συγγενεῖς
1592 1061 1677 1101 τῶν
1709 1055 1889 1101 ἀπολω-

236 1130 375 1173 λότων
396 1147 467 1172 και
492 1131 628 1184 δημον
649 1131 860 1171 τοσοῦτον
882 1126 919 1170 ‘L‘
910 1128 992 1182 πὲρ
1014 1127 1290 1177 καταλύσεως
1322 1127 1466 1182 νόμιον
1495 1129 1567 1169 καὶ
1600 1127 1889 1183 δικαστηρίων

234 1201 568 1252 τεθυμωμένον,
609 1192 723 1239 όπου
762 1213 842 1238 καν
878 1194 903 1252 ἦ
947 1213 990 1238 τι
1029 1198 1160 1250 μέρος
1190 1193 1239 1237 τὸ
1274 1194 1440 1246 ελεοῦν,
1481 1191 1567 1237 υπὸ
1600 1195 1806 1243 πλείονος
1839 1210 1889 1235 αν

237 1262 339 1308 αυτὸ
373 1267 449 1306 τοῦ
482 1265 872 1318 διαγανακτοῦντος
903 1259 1223 1320 αφανισθῆναι.

348 1334 417 1376 IV.
454 1337 488 1374 1.
526 1333 720 1374 Τοιαῦτα
749 1331 828 1385 μὲν
860 1329 1106 1373 ἐποίκιλλεν
1138 1326 1319 1383 ἀθρόως
1351 1324 1680 1383 δεδισσόμενος,
1710 1329 1781 1370 καὶ
1813 1327 1890 1385 τὴν

237 1399 403 1450 ἔξωθεν
442 1398 660 1455 βοήθειαν
692 1394 948 1453 ἀναφανδὸν
978 1397 1056 1451 μὲν
1089 1393 1164 1439 οἰκ
1195 1396 1378 1451 ἐθάρρει
1410 1397 1568 1451 λέγειν,
1607 1392 1810 1453 ᾐνίσσετο
1844 1395 1890 1437 δὲ

236 1466 337 1516 τοίς
353 1462 643 1520 Ἰδουμαίους”
675 1466 747 1508 ἵνα
771 1465 816 1507 δὲ
837 1467 909 1507 καὶ
931 1463 1034 1514 τοὺς
1054 1462 1269 1520 ἡγεμόνας
1290 1466 1376 1506 τῶν
1399 1463 1598 1520 ζηλωτῶν
1625 1463 1717 1520 ἰδία
1747 1479 1891 1518 παρο-

238 1534 351 1589 ξύνῃ,
391 1533 467 1575 τὸν
488 1530 681 1575 >Ἀνανον
724 1533 787 1582 εἴς
825 1548 872 1574 τε
904 1531 1108 1587 ωμότητα
1141 1532 1340 1586 διέβαλλε
1373 1534 1444 1574 καὶ
1479 1527 1678 1573 απειλεῖν
1711 1530 1892 1580 εκείνοις

246 1601 477 1654 ἐξαιρέτως
507 1600 662 1684 ἔλεγεν.
712 1615 822 1683 ησαν
855 1599 901 1641 δὲ·
928 1595 1180 1681 Ελεάζαρος
1206 1599 1286 1682 μὲν
1317 1599 1412 1683 υιὸς
1443 1603 1622 1682 Γίωνος,
1655 1597 1703 1647 ὃς
1735 1596 1784 1653 δὴ
1817 1599 1889 1639 καὶ

347 1682 578 1745 PAMLVRC
582 1682 888 1753 LatHegesippus
914 1708 963 1742 IV
989 1711 1008 1742 6
1032 1720 1067 1752 p.
1093 1711 1169 1742 233
1208 1709 1334 1743 Suidas
1359 1719 1387 1742 s.
1401 1680 1662 1751 θαλπόμενοι.
1688 1705 1842 1753 ἄθρους.

352 1771 363 1800 1
392 1780 463 1802 κατ
507 1763 642 1806 amau]
669 1776 737 1800 om.
763 1765 832 1799 Lat
854 1760 949 1799 κατ’
975 1760 1100 1800 αυτῶν
1124 1762 1285 1808 φιλατῑε
1289 1778 1323 1799 ιν
1347 1775 1390 1798 ex
1415 1763 1491 1798 cod.
1518 1764 1620 1798 Voss.
1647 1763 1802 1797 Dindorf

236 1820 354 1870 ἡμέρα
381 1823 407 1857 C
497 1821 559 1858 ἵνα
585 1822 678 1856 VRC
748 1822 944 1866 θρισκείαν
969 1821 994 1854 C
1088 1824 1105 1854 3
1132 1817 1423 1866 παρατάξωνται
1447 1819 1510 1853 PA
1579 1822 1600 1852 4
1625 1819 1663 1855 δὲ
1687 1819 1821 1853 MVRG

235 1879 497 1925 εἰσπεμφθείη]
521 1878 555 1914 εἰ
578 1879 767 1923 πεμφθείη
785 1876 810 1910 C
881 1881 900 1911 5
925 1878 1021 1922 περὶ]
1045 1873 1139 1922 ὑπὲρ
1156 1875 1358 1910 AMLVRG
1443 1871 1648 1910 διαλύσεωσ
1664 1874 1822 1909 PAVRC

235 1933 386 1977 ταί-τας]
417 1945 461 1969 ex
490 1932 627 1979 ταύτησ
660 1943 748 1967 corr.
781 1934 811 1967 V
842 1943 909 1967 om.
944 1933 1013 1966 Lat
1128 1927 1265 1973 αὐτοῖς]
1297 1927 1436 1967 αὐτοὺσ
1465 1931 1510 1964 L¹
1627 1933 1646 1964 6
1676 1927 1889 1967 ἀνυποπτο-

236 1992 371 2037 τέροις]
403 1992 432 2025 L
465 1987 741 2036 οἷνοπλοτέροισ
773 1989 834 2023 ΡΑ
864 1993 899 2023 et
929 1989 951 2023 i.
983 1998 1091 2031 marg.
1122 1999 1167 2022 111.
1201 1991 1220 2021 2
1253 1987 1282 2020 L
1315 1982 1502 2022 οἷνόπλοισ
1534 1986 1635 2020 MRC
1665 1982 1830 2023 οἷόπλοισ
1857 1986 1890 2020 V

235 2048 326 2082 nihil
355 2049 580 2093 suspicantes
596 2067 639 2070 —
655 2046 771 2080 subito
796 2045 865 2078 Lat
1001 2042 1153 2088 ἐπέλθῃ]
1184 2042 1376 2088 προσέλθη
1402 2042 1431 2076 L
1554 2045 1618 2090 τῷ]
1650 2044 1718 2077 τῶι
1745 2051 1789 2075 ex
1813 2044 1890 2076 τῶν

237 2115 327 2139 corr.
353 2105 385 2138 V
501 2107 517 2137 ἰ
546 2099 746 2138 ἱκετεύσειν
770 2100 903 2135 PAML
1037 2102 1055 2134 8
1080 2099 1169 2140 τοὺς
1192 2119 1235 2123 ——
1260 2101 1278 2132 9
1305 2095 1555 2143 τολμημάτων
1579 2098 1688 2132 habet
1712 2097 1799 2131 Suid

236 2158 575 2204 ἱπόθαλπομένους
592 2158 679 2192 Suid
747 2153 946 2203 συγνιόμησ
962 2155 1039 2189 RC¹
1107 2157 1345 2202 κρατηθεῖεν]
1362 2157 1691 2199 παρακρατηθεῖεν
1703 2153 1820 2187 LSuid

235 2220 254 2250 9
280 2214 314 2262 ἢ]
338 2219 401 2252 καὶ
418 2217 448 2250 L
516 2219 582 2263 τῷ]
608 2218 676 2251 τοῦ
692 2215 724 2247 Α
749 2210 793 2249 τὸ
813 2213 859 2247 V¹
933 2216 973 2246 10
999 2207 1173 2257 (ὀφείλειν
1190 2211 1216 2245 O
1238 2206 1420 2256 ὂφείλλειν
1443 2210 1554 2253 (prius
1572 2213 1592 2244 λ
1609 2210 1772 2251 deletum)
1790 2209 1820 2243 L

235 2272 431 2318 διηλάχθαι
455 2272 532 2306 A¹C
627 2274 661 2305 11
691 2267 849 2306 πολλάκι
874 2268 985 2303 VR¹C
1076 2268 1273 2313 γίγνεσθαι
1296 2266 1326 2300 L
1418 2269 1480 2301 καὶ
1505 2277 1533 2300 S.
1561 2267 1587 2301 C
1704 2269 1744 2300 12
1769 2262 1889 2311 ἀδικη-

236 2378 335 2408 θεῖσι
360 2372 409 2413 δὲ]
435 2372 472 2408 δὲ
497 2367 702 2417 ἀδικηθεῖσι
728 2369 880 2405 Dindorf
951 2371 989 2403 13
1014 2337 1200 2414 ε’φεδὲύειν
1222 2369 1255 2402 Α
1340 2367 1378 2403 δέ
1402 2370 1457 2413 γε]
1483 2367 1520 2403 δὲ
1545 2367 1575 2401 L
1600 2367 1637 2403 δὲ
1663 2366 1735 2403 αἰεὶ
1760 2362 1833 2409 (ἀεὶ
1849 2365 1889 2408 C)

236 2428 331 2463 VRC
356 2434 474 2463 aulem
497 2428 568 2462 Lat
636 2427 790 2464 ἐκείνων
813 2426 879 2460 VR
902 2424 1049 2461 ἐκεῖνον
1074 2424 1099 2458 O
1180 2425 1322 2468 φίλους]
1347 2425 1409 2459 καὶ
1435 2424 1569 2467 φίλουσ
1596 2423 1621 2457 O
1717 2426 1756 2457 15
1781 2425 1889 2458 τεθυ-

235 2484 421 2528 μωμένων
445 2485 523 2518 PA¹
616 2477 649 2528 ᾖ]
676 2481 714 2519 εἷ’
731 2483 758 2517 P
783 2480 806 2528 ἦ
828 2481 889 2516 LO
981 2479 1096 2525 μέρος
1120 2477 1164 2516 τὸ
1189 2479 1330 2520 ἐλεοῦν]
1354 2490 1443 2525 pars
1468 2478 1737 2514 misericordiae
1759 2478 1829 2512 Lat

239 2537 283 2576 τὸ
310 2539 452 2582 ἐλεοῦν]
476 2538 606 2576 ε’λέουσ
623 2539 717 2574 VRC
742 2542 778 2573 et
801 2543 841 2572 ut
864 2538 934 2574 uid.
959 2537 1030 2572 Lat
1099 2533 1147 2572 ἄν
1171 2546 1237 2569 om.
1263 2535 1336 2569 MV
1407 2538 1447 2569 16
1473 2530 1578 2576 αὐτὸ]
1605 2530 1709 2570 αὐτῶ
1732 2534 1844 2568 P¹AV

239 2599 318 2637 τοῦ]
344 2598 457 2633 τοῦτο
475 2596 524 2630 R²
596 2598 633 2630 17
660 2597 816 2630 τοιαῦτα
834 2614 876 2620 -
894 2590 1156 2637 δεδισσόμενος
1173 2591 1281 2625 habet
1304 2591 1391 2626 Suid
1408 2601 1435 2626 S.
1454 2588 1599 2635 ἄθρους
1668 2586 1829 2635 ἅθρόωσ
1845 2599 1890 2623 ex

240 2690 387 2731 αθρουσ
402 2695 493 2720 corr.
507 2695 552 2719 m.
569 2687 586 2718 2
600 2684 630 2719 L
694 2681 968 2728 δεδισσόμενος]
983 2681 1175 2716 MLRSuid
1189 2676 1222 2716 δ’
1242 2678 1511 2724 αἰνισσόμενοσ
1524 2680 1585 2714 ΡΑ
1603 2657 1889 2723 δεδισσομένῧυσ

237 2777 278 2815 (s.
303 2785 348 2808 m.
376 2776 407 2815 2)
431 2774 464 2809 V
489 2773 527 2809 δε
551 2771 785 2817 δισσώμενοσ
810 2773 836 2807 G
931 2774 970 2806 19
996 2767 1193 2816 παρωξύνη
1217 2769 1250 2804 R
1342 2772 1384 2804 20
1409 2770 1590 2816 διέβαλλε]
1615 2733 1770 2814 ἐνέβαλλε
1795 2768 1820 2802 C

238 2833 276 2864 21
306 2828 514 2875 ελεάζαροσ
543 2829 568 2863 C
658 2829 727 2873 μὲν
752 2840 818 2863 om.
843 2829 873 2862 L
969 2823 988 2863 ὁ
1014 2824 1099 2863 υὲὀσ
1123 2825 1149 2860 C
1219 2825 1380 2867 Γίωνος]
1406 2825 1577 2859 PALLat
1602 2825 1772 2868 σίμωνοσ
1795 2826 1819 2865 (ι
1844 2833 1888 2857 ex

240 2901 261 2932 η
287 2896 375 2920 corr.
406 2886 451 2927 V)
475 2884 627 2928 MVR03
653 2885 699 2918 cf.
726 2895 836 2929 supra
859 2884 893 2918 H
919 2886 983 2918 564
1075 2879 1128 2927 δη]
1154 2884 1209 2917 δεῖ
1232 2881 1276 2915 L¹

1919 866 1956 899 10

1920 1201 1956 1234 15

1921 1539 1957 1571 20
