2018 3236
126 306 205 346 357

124 439 204 478 358

124 705 204 745 359

128 907 208 948 360

124 1110 201 1150 361

125 1245 205 1285 362

125 1379 206 1420 363

127 1513 207 1554 364

128 1781 207 1820 365

239 122 319 159 394
672 120 737 154 DE
762 119 919 154 BELLO
944 118 1041 154 IUD.
1067 120 1117 155 IV
1140 122 1317 155 356—365
1342 123 1391 163 (v1
1418 122 1448 163 1)

239 238 380 283 νοίαις
411 232 473 281 εἷς
504 232 684 283 ἕκαστα,
724 231 779 273 τὰ
812 232 1028 284 δοχθέντα
1060 230 1106 273 δὲ
1144 231 1294 284 τάχιον
1324 233 1395 274 καὶ
1426 233 1503 289 τῆς
1534 230 1736 282 ἐπινοίας
1766 229 1884 287 ἐνήρ-

237 318 352 356 γουν.
410 299 603 353 μάλιστα
635 294 675 339 δ’
713 293 785 340 gre*
823 294 1026 353 ἀνδρείαν
1057 315 1104 340 τε
1133 301 1206 342 καὶ
1237 295 1453 354 εὐγένειαν
1485 298 1668 355 ἐφόνων,
1699 297 1776 354 τὴν
1807 299 1884 352 μὲν

238 367 397 423 φθόνῳ
429 365 751 419 λυμαινόμενοι,
782 364 830 407 τὸ
866 365 911 407 δὲ
931 374 1128 419 γενναῖον
1151 365 1261 408 δέει·
1293 365 1430 422 μόνην
1459 365 1540 421 γὰρ
1564 362 1705 408 αὐτῶν
1738 361 1885 422 ἀσφά-

239 436 357 476 λειαν
388 430 698 486 ’ὑπελάμβανον
729 431 776 474 τὸ
809 432 974 488 μηδένα
1012 433 1098 473 τῶν
1131 432 1325 474 δυνατιῦν
1355 434 1628 475 καταλιπεῖν.
1689 428 1883 489 ἀνῃρέθη

235 503 334 555 γοῦν
367 499 444 542 σὺν
482 500 668 549 πολλοῖς
707 498 872 554 ἑτέροις
910 501 982 541 καὶ
1027 503 1245 553 Γουρίων,
1287 495 1505 554 ἀξιώματι
1544 500 1622 554 μὲν
1661 502 1733 543 καὶ
1772 503 1887 555 γένει

236 563 456 621 προύχων,
490 565 804 622 δημοκρατικὸς
844 566 890 608 δὲ
929 567 1000 608 καὶ
1040 566 1320 622 φρονήματος
1351 567 1604 622 ἐλευθερίου
1635 566 1816 621 μεστός,
1849 566 1887 609 εἰ

234 638 307 676 καί
337 651 404 684 τις
436 633 581 687 ἕτερος
605 629 849 676 Ἰουδαίων·
883 629 1086 676 ἀπώλεσε
1122 633 1167 676 δὲ
1209 629 1339 677 αὖτὸν
1370 633 1394 692 ἡ
1427 638 1654 691 παρρησία
1694 633 1887 687 μάλιστα

238 700 351 756 πρὸς
380 710 474 750 τοῖς
504 698 654 750 ἄλλοις
686 700 1073 757 πλεονεκτήμασιν.
1134 696 1230 743 οἷδ’
1266 698 1287 743 5
1322 703 1545 757 Περαΐτης
1576 704 1712 757 Νίγερ
1744 696 1887 742 αὐτῶν

236 768 315 818 τὰς
351 777 500 823 χεῖρας
540 768 761 825 διέφυγεν,
794 763 901 823 ἀνὴρ
941 764 1122 822 ἄριστος
1152 767 1195 810 έν
1226 778 1319 819 τοῖς
1349 768 1463 825 πρὸς
1488 766 1724 822 Ῥωμαίους
1753 768 1888 809 πολέ-

235 852 337 890 μοις
373 836 626 917 γενόμενος·
658 835 706 885 ὂς
736 837 808 878 καὶ
846 837 962 889 βοῶν
995 835 1206 885 πολλάκις
1244 835 1322 886 τάς
1352 852 1400 878 τε
1431 832 1613 885 ὠτειλὰς
1644 833 1889 884 ἐπιδεικνὺς

242 903 314 945 δια
355 906 490 958 μέσης
529 902 704 957 εσύρετο
744 918 821 959 της
862 902 1048 952 πόλεως.
1115 902 1213 945 επεὶ
1254 903 1300 945 δὲ
1340 903 1420 953 ε’ξω
1459 905 1544 944 τιῦν
1583 903 1733 944 πυλιῦν
1770 893 1886 958 ἦκτο,

235 989 313 1028 την
336 974 555 1027 σωτηρίαν
577 967 796 1025 ἀπογνοὺς
817 971 917 1025 περὶ
941 972 1085 1026 ταφῆς
1108 971 1313 1013 ἱκέτευεν
1346 971 1389 1013 οἱ
1411 970 1457 1013 δὲ
1480 968 1888 1027 προαπειλήσαντες

236 1043 286 1092 ης
308 1039 526 1092 ἐπεθύμει
547 1038 741 1092 μάλιστα
770 1040 847 1093 γῆς
877 1036 934 1092 μη
957 1037 1228 1091 μεταδώσειν
1251 1055 1381 1093 αυτι),
1412 1036 1488 1080 τὸν
1511 1037 1647 1093 φόνον
1670 1035 1887 1094 ενηργουν.

237 1102 550 1162 αναιρούμενος
591 1105 636 1147 δὲ
673 1102 694 1147 5
716 1109 864 1160 Νίγερ
901 1121 1119 1159 τιμωρους
1153 1102 1389 1159 Ῥωμαίους
1437 1102 1586 1154 αὐτοῖς
1633 1103 1887 1160 επηράσατο

238 1174 365 1228 λιμόν
395 1191 442 1217 τε
477 1176 549 1217 καὶ
582 1171 736 1227 λοιμὸν
768 1172 841 1214 ἐπὶ
874 1174 937 1227 τῷ
958 1174 1139 1228 πολέμῳ
1169 1174 1241 1215 καὶ
1265 1172 1386 1253 πρὸς
1417 1167 1561 1214 ἅπασι
1590 1170 1670 1221 τὰς
1691 1167 1889 1226 ἀλλήλων

234 1251 401 1295 χεῖρας·
435 1240 461 1283 ἃ
494 1240 543 1296 δὴ
586 1240 734 1282 πάντα
773 1257 881 1281 κατα
922 1241 1009 1281 τιῦν
1049 1235 1219 1291 ασεβιῦν
1259 1239 1470 1294 ἐκύρωσεν
1501 1236 1522 1280 5
1556 1238 1685 1289 θεός,
1725 1239 1798 1281 καὶ
1836 1236 1884 1280 τὸ

239 1308 530 1360 δικαιότατον,
563 1303 632 1350 ότι
652 1307 901 1363 γεύσασθαι
932 1309 1008 1364 τῆς
1040 1302 1238 1362 ἀλλήλων
1261 1303 1479 1355 απονοίας
1510 1305 1689 1359 έμελλον
1720 1300 1795 1347 οῧκ
1826 1320 1888 1354 εις

237 1375 404 1429 μακρὰν
441 1371 771 1425 στασιάσαντες.
833 1378 968 1430 Νίγερ
1007 1374 1086 1427 ιιὲν
1118 1372 1192 1416 οὖν
1231 1369 1500 1449 άνῃρηιιένος
1539 1371 1640 1422 τοὺς
1678 1374 1782 1427 περὶ
1811 1373 1888 1427 τῆς

236 1443 513 1492 καταλύσεως
544 1438 686 1485 αὐτῶν
722 1442 889 1498 φόβοις
929 1441 1214 1497 επεκουφισε,
1255 1443 1331 1483 τοῦ
1371 1441 1476 1482 λαοῦ
1509 1440 1554 1482 δὲ
1593 1442 1724 1493 μέρος
1763 1434 1888 1481 ουδὲν

238 1528 302 1568 ην,
335 1506 368 1565 q]
400 1509 458 1567 μὴ
489 1509 602 1565 πρὸς
642 1506 867 1552 ἀπώλειαν
899 1509 1123 1552 επενοεῖτο
1155 1509 1396 1586 πρόφασις.
1445 1507 1494 1550 τὸ
1528 1507 1606 1561 μὲν
1635 1506 1716 1562 γὰρ
1749 1501 1889 1549 αυτῶν

239 1552 461 1630 διενεχθέν
491 1594 578 1620 τινι
599 1577 740 1619 πάλαι
763 1577 1024 1632 διέφθαρτο,
1056 1575 1105 1618 τὸ
1141 1576 1186 1618 δὲ
1217 1574 1274 1633 μὴ
1309 1577 1614 1630 προσκροῦσαν
1635 1592 1714 1617 κατ
1770 1573 1887 1629 εἰρη-

238 1662 313 1701 νην
344 1643 600 1699 ἐπικαίρους
630 1643 845 1697 ἐλάμβανε
875 1642 954 1693 τὰς
986 1643 1151 1693 αἰτίας·
1189 1646 1261 1686 καὶ
1293 1640 1315 1685 5
1347 1643 1426 1696 μὲν
1455 1637 1559 1699 μηδ)
1595 1636 1709 1692 ὅλως
1740 1636 1888 1690 αὐτοῖς

238 1711 437 1765 προσιών
468 1708 528 1761 (ὃς
556 1709 852 1767 ὑπερήφανος,
884 1707 906 1752 5
939 1709 1139 1764 προσιών
1171 1710 1217 1751 δὲ
1246 1710 1356 1763 μετὰ
1386 1713 1639 1766 παρρησίας
1665 1706 1724 1758 ὥς
1753 1725 1887 1750 κατα-

240 1781 436 1834 φρονῶν,
478 1776 499 1821 5
531 1778 796 1833 θεραπεύων
838 1773 877 1819 δ’
914 1774 972 1826 ὥς
1013 1776 1247 1831 ἐπίβουλος
1286 1773 1587 1818 ὑπωπτεύετο.
1645 1779 1727 1829 μία
1759 1774 1805 1816 δὲ
1834 1765 1886 1830 ἦν

238 1848 323 1888 τῶν
353 1862 400 1887 τε
430 1850 646 1901 μεγίστων
677 1847 748 1888 καὶ
778 1843 1088 1899 μετριωτάτων
1126 1842 1403 1898 ἐγκλημάτων
1439 1846 1631 1898 τιμωρία
1669 1837 1888 1892 θάνατος·

350 2012 886 2056 PAMLVRCLatHegesippus
910 2012 960 2045 IV
988 2014 1027 2044 10
1051 2021 1084 2054 p.
1113 2013 1188 2046 241.

352 2084 367 2114 1
393 2083 456 2117 καὶ
480 2080 624 2114 damnat
647 2080 768 2113 Naber
857 2077 1051 2123 ἐνείργουν
1075 2078 1108 2111 Α
1214 2081 1233 2112 2
1259 2077 1297 2112 δὲ
1320 2076 1386 2111 VR
1488 2072 1643 2122 ἀνδρίαν
1666 2075 1743 2110 V²C
1835 2080 1888 2118 τε]

238 2137 353 2181 suppl.
379 2136 415 2170 in
438 2135 539 2170 initio
564 2146 689 2170 uersus
715 2137 746 2169 A
771 2145 839 2169 om.
865 2134 894 2168 L
1033 2129 1231 2178 εὐγένειαν]
1266 2131 1481 2178 συγγένειαν
1512 2131 1541 2165 L
1678 2128 1757 2176 τὴν]
1782 2134 1837 2167 τεῦ
1861 2131 1889 2166 P

237 2190 281 2229 τὸ
308 2192 341 2226 Α
411 2194 430 2225 3
456 2195 516 2233 το]
542 2191 609 2227 τὸν
634 2191 667 2226 R
745 2193 827 2235 post
849 2195 1025 2236 γενναῖον
1052 2192 1137 2226 7-,-8
1161 2189 1227 2223 litt.
1253 2198 1343 2222 eras.
1371 2190 1558 2232 (apparent
1583 2200 1674 2232 εφο·
1692 2207 1699 2212 -
1715 2190 1767 2230 ·ν)
1791 2188 1823 2222 V

236 2253 257 2282 4
281 2248 417 2294 μηδένα
443 2251 531 2288 τῶν]
556 2248 667 2293 μηδὲν
691 2242 815 2283 αὐτῶν
838 2247 868 2281 L
962 2241 1162 2292 άνηρέθη-,
1185 2254 1277 2279 eras,
1303 2257 1323 2279 ν
1347 2243 1380 2278 V
1491 2247 1509 2278 5
1535 2243 1722 2289 Γουρίων]
1746 2253 1890 2289 qurqon

237 2305 312 2348 Heg
342 2302 495 2349 Γορίων
517 2304 668 2338 Hudson
789 2305 808 2337 6
834 2299 1082 2349 φρονήματοσ
1112 2310 1203 2335 corr.
1236 2310 1279 2334 ex
1309 2296 1604 2345 φρονημότατοσ
1627 2298 1655 2332 Ρ
1792 2295 1890 2335 ἐλευ-

237 2361 355 2405 θέρου
379 2361 418 2394 Μ
511 2359 546 2395 εἰ
567 2360 643 2400 καί]
670 2360 776 2405 εἰπερ
801 2359 831 2392 L
924 2362 940 2392 ἵ
969 2354 1003 2392 δ’
1027 2356 1088 2392 LC
1181 2358 1200 2389 8
1226 2352 1310 2391 οὐδὲ
1326 2355 1421 2390 VRC
1513 2353 1585 2391 τὰσ
1607 2360 1742 2400 χεῖρασ
1766 2349 1891 2390 αὐτῶν

236 2419 281 2452 tr.
305 2417 335 2452 L
450 2419 470 2450 9
495 2414 684 2461 ῥωμαίοισ
707 2414 769 2449 RC
886 2417 925 2449 10
958 2412 1118 2449 πολλάκι
1141 2413 1174 2447 V
1289 2414 1326 2446 11
1355 2405 1389 2446 δ’
1415 2411 1445 2444 L
1562 2414 1601 2445 12
1635 2412 1721 2456 περὶ
1749 2410 1784 2445 in
1811 2421 1893 2446 con-

238 2472 323 2507 finio
347 2472 554 2516 paginarum
577 2471 722 2506 iterauit
746 2471 772 2505 C
868 2472 906 2504 13
931 2463 989 2515 ἧσ,
1014 2484 1034 2514 η
1059 2479 1102 2503 ex
1127 2478 1216 2502 corr.
1242 2467 1269 2501 P
1360 2469 1572 2510 μεταδῶσιν
1596 2467 1621 2502 C
1717 2469 1758 2500 14
1781 2480 1892 2511 τιμω-

241 2528 340 2573 ροὺς]
366 2527 699 2574 τιμωρησομένουσ
723 2527 752 2560 L
777 2525 1084 2571 τιμωρουμένουσ
1107 2523 1202 2559 VRC
1297 2526 1336 2557 15
1360 2521 1432 2563 ἐπὶ]
1456 2521 1498 2558 ἐν
1521 2523 1550 2556 L
1638 2519 1747 2576 πρὸςὑ
1760 2515 1890 2563 ἅπασι]

240 2580 469 2628 προσάπεισι
496 2583 522 2618 C
617 2587 654 2616 17
684 2577 742 2618 ὅτι
768 2582 911 2616 damnat
935 2580 1109 2614 Destinon
1204 2582 1244 2613 19
1269 2577 1518 2621 ἐπεκούφισεν
1542 2578 1572 2612 L
1650 2581 1692 2612 20
1717 2579 1746 2613 ὠ
1770 2577 1794 2612 i.
1819 2587 1890 2612 ras.

240 2640 372 2674 maiore
403 2641 435 2672 A
571 2638 773 2674 ἐπενοείτω
805 2637 832 2671 Ρ
971 2638 1009 2669 21
1043 2631 1134 2671 κατ’
1164 2631 1312 2680 εἰρήνην
1342 2634 1403 2667 uix
1434 2635 1568 2668 rectum
1600 2632 1713 2668 uideri
1743 2632 1892 2668 adnotat

238 2694 413 2729 Destinon
511 2696 552 2728 22
577 2691 797 2738 §nmmooivo
820 2692 848 2726 P
872 2691 932 2728 ἐπὶ
956 2690 1115 2737 καιροὺσ
1138 2690 1238 2724 AVR
1268 2689 1405 2724 subitas
1428 2689 1498 2723 Lat
1594 2688 1683 2734 μηδὲ
1706 2687 1801 2723 VRC

240 2753 281 2784 23
308 2747 358 2791 ὡς
384 2770 424 2774 -
450 2746 621 2795 προσιὼν
645 2749 683 2785 δὲ
707 2759 774 2784 om.
799 2749 870 2782 Lat
984 2750 1027 2781 24
1051 2746 1089 2782 δὲ
1112 2745 1272 2780 ALVRC
1362 2741 1596 2781 ὑποπτεύετο
1622 2742 1751 2778 V¹RG1
1840 2742 1891 2784 δὲ]

239 2800 277 2841 τ’
302 2806 331 2840 L
424 2808 465 2839 25
490 2818 531 2840 τε
555 2816 623 2840 om.
647 2804 706 2837 LC
809 2802 1069 2848 μετριοτάτων
1094 2801 1119 2835 Ρ
1145 2803 1220 2837 τῶν
1243 2797 1509 2848 μετριωτάτων
1534 2799 1627 2834 VRO
1733 2799 1757 2834 i.
1781 2809 1890 2842 marg.

239 2860 296 2897 κα’
326 2861 352 2895 C
443 2857 683 2906 ἐγκλημάτων
706 2859 728 2893 i.
754 2869 864 2902 marg.
890 2859 1006 2902 suppl.
1032 2858 1064 2892 V

1919 843 1954 875 10

1920 1179 1956 1211 15

1920 1515 1957 1547 20

1920 1850 1955 1882 25
