2018 3236
122 757 201 795 575

123 889 202 928 576

127 1159 206 1198 577

224 167 303 204 258
635 156 699 190 DE
725 140 883 188 BELLO
908 148 1005 184 mo.
1030 146 1065 181 11
1089 145 1266 179 573-578
1291 145 1350 183 (xx
1377 147 1405 172 a.
1432 141 1464 181 τ)

225 278 327 334 ὄρος
347 277 417 318 καὶ
445 272 658 325 Ταριχέας
678 268 750 309 καὶ
777 260 1030 318 Τιβεριάδα,
1057 256 1170 312 πρὸς
1192 256 1238 298 δὲ
1259 254 1431 302 τούτοις
1451 250 1505 294 τὰ
1527 250 1629 304 περὶ
1655 246 1873 303 Γεννησὰρ

224 346 302 403 τὴν
344 345 496 395 λίμνην
536 336 734 393 σπήλαια
772 329 883 373 κατὰ
923 326 999 385 τὴν
1038 325 1155 367 κάτω
1194 323 1460 376 καλουμένην
1493 316 1735 360 Γαλιλαίαν
1767 313 1876 356 ἐτει-

224 418 392 468 χίσατο,
424 410 500 464 τῆς
522 405 568 447 δὲ
591 401 680 446 ἄνω
704 399 945 446 Γαλιλαίας
965 393 1043 450 την
1068 409 1114 434 τε
1145 389 1581 446 προσαγορευομένην
1598 377 1877 437 Ἀκχαβάρων
1916 377 1920 383 ’

117 487 198 526 574
229 483 394 533 πέτραν
429 476 498 517 καὶ
533 472 661 527 Σὲπφ
692 469 763 510 καὶ
790 462 987 519 >Ιαμνεὶθ
1016 461 1089 503 καὶ
1119 456 1278 515 Μηρώ.
1336 453 1446 497 κατὰ
1479 453 1524 495 δὲ
1555 450 1632 506 τὴν
1664 449 1879 491 Γαυλανι-

227 545 347 603 τικὴν
370 539 622 585 Σελεύκειάν
653 553 699 579 τε
730 535 802 577 καὶ
824 533 1083 585 Σωγαναίαν
1113 528 1183 569 καὶ
1210 524 1419 578 Γάμαλαν
1452 517 1698 574 ὠχύρωσεν·
1730 514 1883 570 μόνοις

229 615 275 657 δὲ
306 612 620 666 Σεπφωρίταις
660 604 791 660 ἐφῆκε
830 594 936 642 καθ’
975 593 1155 643 ἑαυτοὺς
1185 601 1325 645 τεῖχος
1356 586 1689 642 ἀναδείμασθαι
1715 580 1882 638 χρημά-

228 698 315 724 των
336 695 384 721 τε
407 673 622 730 εὐπόρους
644 669 758 726 ὁρῶν
791 665 920 715 ὄντας
949 666 1020 706 καὶ
1052 661 1315 715 προθύμους
1347 657 1421 699 ἐπὶ
1452 654 1528 697 τὸν
1559 652 1754 706 πόλεμον
1786 649 1884 702 δίχα

234 745 587 803 προστάγματος.
652 737 817 792 ὁμοίως
857 735 903 776 δὲ
941 733 1014 774 καὶ
1054 729 1249 782 Γίσχαλα
1281 723 1482 779 Ἰωάννης
1521 719 1542 764 ὁ
1583 721 1732 777 Ληΐου
1772 712 1879 759 καθ’

233 813 387 859 ἑαυτὸν
435 808 636 863 ἐτείχιζεν
670 803 885 860 Ἰωσήπου
925 798 1227 846 κελεύσαντος·
1273 801 1366 842 τοῖς
1407 787 1446 833 δ)
1493 786 1641 837 ἄλλοις
1680 785 1886 841 ἐρύμασιν

237 879 407 927 ἅπασιν
448 874 577 926 αὐτὸς
618 873 855 928 συμπονῶν
897 864 986 922 ἅμα
1024 868 1095 908 καὶ
1128 861 1424 917 προστάσσων
1455 858 1614 912 παρῆν.
1665 850 1888 900 κατέλεξεν

236 952 282 994 δὲ
303 951 375 992 καὶ
398 947 581 1000 δύναμιν
604 942 648 985 ἐκ
673 943 750 996 τῆς
774 937 1015 984 Γαλιλαίας
1045 931 1157 986 ὑπὲρ
1189 930 1290 972 δέκα
1320 925 1538 982 μυριάδας
1568 925 1674 965 νέων
1706 917 1886 974 ἀνδρῶν,

236 1018 310 1068 οὓς
336 1015 506 1063 πάντας
538 1012 582 1055 ἔκ
611 1026 657 1051 τε
688 1009 773 1050 τῶν
806 1004 1128 1059 συλλεγομένων
1160 997 1364 1040 παλαιῶν
1395 989 1545 1035 ὅπλων
1577 989 1888 1044 ἐγκατασκευα-

237 1086 413 1140 ζόμενος
444 1077 643 1130 ὥπλιζεν.
715 1076 718 1078 ’

353 1156 390 1194 7.
417 1146 605 1191 ’Ἐπειτα
645 1139 829 1186 συνιδών
863 1135 1075 1194 ἀήττητον
1105 1132 1183 1190 τὴν
1208 1129 1430 1184 Ῥωμαίων
1462 1125 1582 1180 ἰσχὺν
1611 1124 1892 1179 γεγενημένην

239 1217 475 1273 εὐπειθείᾳ
515 1210 708 1269 μάλιστα
746 1210 817 1251 καὶ
855 1207 1009 1261 μελέτῃ
1050 1204 1136 1244 τῶν
1176 1195 1346 1249 ὅπλων,
1386 1194 1463 1252 τὴν
1501 1193 1579 1247 μὲν
1609 1189 1894 1234 διδασκαλίαν

241 1286 416 1343 ἀπέγνω
455 1285 507 1340 vs
535 1284 660 1336 χρείᾳ
692 1277 978 1330 διωκομένην,
1017 1269 1066 1313 τὸ
1101 1264 1141 1310 δ’
1180 1263 1388 1313 εὐπειθὲς
1419 1259 1531 1315 δρῶν
1562 1257 1894 1314 περιγινόμενον

767 1341 778 1355 (“
882 1338 890 1350 t
1021 1339 1031 1352 ί

243 1357 287 1399 ἐκ
306 1356 383 1397 τοῦ
406 1350 610 1408 πλήθους
639 1348 726 1388 τῶν
755 1357 978 1399 ηγεμονων
1010 1334 1343 1394 ρωμαϊκιύτερον
1376 1330 1547 1383 ἔτεμνεν
1577 1327 1653 1383 τὴν
1686 1322 1895 1381 στρατιὰν

133 1427 213 1466 578
244 1425 317 1466 καὶ
338 1422 518 1467 πλείους
538 1417 785 1458 καθίστατο
807 1407 1077 1460 ταξιάρχους.
1129 1400 1408 1458 στρατιωτῶν
1428 1413 1475 1438 τε
1505 1394 1585 1451 γὰρ
1618 1392 1897 1436 ἀπεδείκνυεν

358 1623 896 1668 PAMLVRCLatHegesippus
921 1619 971 1653 III
998 1621 1015 1651 3
1041 1629 1075 1661 p.
1106 1619 1179 1650 175.

363 1693 377 1724 1
413 1687 591 1733 ταριχαία
617 1684 679 1717 PA
712 1678 915 1726 ταριχαίασ
940 1673 1105 1708 MLVRC
1136 1668 1297 1705 tlmrz'che
1321 1668 1390 1702 Lat
1526 1661 1753 1709 γεννησαρέτ
1781 1657 1901 1704 (-άρετ

245 1748 289 1790 L)
325 1745 394 1780 ML
431 1752 583 1788 yenesar
616 1740 686 1773 Lat
823 1736 841 1767 2
877 1727 974 1767 κατὰ
1001 1750 1041 1754 ——
1068 1733 1087 1762 4
1124 1727 1267 1772 πέτραν
1300 1725 1323 1758 i.
1359 1731 1469 1764 marg.
1503 1719 1617 1762 suppl.
1642 1728 1687 1751 m.
1723 1719 1741 1749 2
1772 1715 1898 1759 partim

246 1802 362 1838 recisa
382 1800 414 1834 V
528 1795 760 1841 ἐτειχίσαντο
785 1791 833 1824 L¹
857 1784 1115 1831 άνετειχίσατο
1141 1781 1235 1817 VRC
1260 1778 1416 1814 meminit
1439 1777 1508 1810 Lat
1623 1777 1641 1806 3
1666 1772 1715 1813 δὲ]
1741 1784 1781 1807 τε
1805 1770 1901 1804 VRC

250 1862 367 1893 autem
393 1856 462 1889 Lat
598 1843 981 1897 προσαγορευομένην
1013 1861 1049 1865 -
1076 1843 1095 1874 4
1123 1834 1256 1884 Μηρώ]
1282 1834 1490 1869 achabaron
1513 1837 1547 1866 et
1569 1835 1710 1875 petram
1736 1837 1828 1871 quae
1851 1826 1904 1860 sic

250 1914 383 1949 dicitur
399 1915 433 1946 et
449 1908 585 1944 iamnm
604 1914 637 1941 ec
660 1915 758 1939 mero
776 1903 846 1936 Lat
969 1893 1226 1942 Ἀκχαβάρων]
1249 1888 1432 1937 χαβάρων
1449 1887 1476 1922 P
1502 1889 1537 1922 et
1559 1887 1581 1920 i.
1608 1894 1715 1926 marg.
1733 1883 1763 1916 L
1789 1878 1903 1927 ἅκχα-

250 1966 383 2018 βαρών
418 1967 456 2001 Μ
493 1960 704 2010 α’χαβάρων
738 1959 800 1993 RC
837 1951 1047 2002 α’χαβαρὼν
1081 1952 1113 1986 V
1150 1945 1333 1995 Ἀχαράβη
1358 1945 1434 1979 uita
1596 1945 1615 1974 4
1654 1940 1776 1984 Σὲπφ]
1809 1935 1903 1984 σεὴφ

249 2027 279 2061 L
313 2025 382 2069 σεφ
406 2023 468 2057 RC
586 2015 756 2062 Ἰαμνεὶθ]
788 2015 932 2057 ἰαμνεὶν
955 2011 985 2045 L
1011 2009 1141 2053 ἰαμνὶθ
1165 2004 1265 2047 (ὶ-Ῡ)
1290 2001 1384 2037 VRC
1485 2000 1590 2045 μηριῦ
1616 1997 1642 2030 Ρ
1667 2010 1773 2041 μηρω
1798 1995 1849 2030 sic
1874 1995 1904 2028 L

251 2083 357 2128 μήρω
381 2080 415 2114 R
439 2074 559 2123 μηρῶι
588 2075 620 2109 V
648 2068 797 2118 Μηρὼθ
828 2069 922 2104 infra
951 2066 1006 2100 III
1031 2068 1071 2099 40
1209 2055 1480 2106 γαυλανίτηνΙι
1618 2056 1636 2086 5
1663 2052 1904 2097 Σωγαναίαν]

253 2135 428 2184 σωγάνην
452 2133 519 2168 ΜΟ
546 2126 709 2176 σωγάνιν
732 2126 799 2162 VR
822 2133 1019 2169 soqennam
1043 2120 1130 2161 Lat3
1158 2117 1203 2152 cf.
1229 2115 1292 2150 uit.
1319 2116 1383 2147 266
1505 2104 1683 2154 ω’χύρωσε
1710 2107 1815 2142 MVR

254 2200 273 2229 6
298 2193 426 2239 ἐφῆκε]
453 2188 594 2223 Bekker
619 2184 688 2230 ἔφη
711 2182 805 2217 PAL
830 2177 950 2226 οἷφῆκε
981 2180 1012 2219 (ε
1041 2178 1064 2211 i.
1097 2185 1167 2210 ras.
1202 2176 1221 2207 2
1245 2173 1312 2206 litt.
1337 2180 1383 2202 m.
1409 2170 1428 2201 2
1454 2166 1500 2207 R)
1525 2164 1659 2199 MVRC
1798 2158 1906 2204 καθ’]

254 2245 542 2288 PAMLVCLips
567 2239 612 2278 τὸ
632 2235 745 2286 Ικαθ’
769 2237 826 2280 (τὸ
853 2251 901 2272 κα
926 2233 1042 2279 suppl.
1068 2243 1113 2266 m.
1138 2232 1172 2272 2)
1189 2228 1221 2262 R
1335 2219 1506 2264 ἓαυτοὺσ,
1531 2218 1599 2256 οὶσ
1624 2231 1667 2255 ex
1692 2222 1736 2256 οῦ
1761 2230 1850 2254 corr.
1875 2220 1908 2253 A

258 2302 398 2342 αὖτοὺσ
422 2301 484 2336 RC
511 2295 650 2336 αὖτοὺσ
674 2297 706 2331 V
799 2289 1086 2336 ἀναδείμασθαι,
1111 2299 1170 2330 ειμ
1195 2295 1237 2318 ex
1263 2292 1351 2316 corr.
1378 2281 1409 2313 A
1502 2281 1518 2310 ἰ’
1546 2280 1599 2317 τε]
1624 2277 1662 2313 δὲ
1686 2276 1719 2311 V
1794 2271 1908 2321 ὁρῶν]

259 2359 364 2409 ὁρῶν
389 2354 529 2395 ahoi-o
552 2355 585 2390 V
678 2354 696 2386 8
723 2350 771 2391 δὲ]
797 2363 839 2396 γε
865 2347 926 2383 Ro
1017 2342 1190 2390 yz'scalam
1216 2340 1286 2374 Lat
1364 2332 1383 2372 ὃ
1410 2333 1539 2380 Ληΐου]
1564 2333 1627 2366 ΡΑ
1652 2329 1672 2368 ὁ
1698 2332 1807 2378 ληουῖ·
1825 2327 1910 2367 vibo-

257 2453 296 2487 M
333 2446 352 2486 ὃ
387 2448 512 2494 ληείου
542 2441 644 2485 υἳὸσ,
675 2442 698 2476 i.
730 2449 839 2482 marg.
864 2451 911 2484 γρ
936 2433 1045 2483 ληουΐ
1061 2433 1091 2466 L
1119 2427 1139 2467 ὃ
1165 2427 1287 2465 λευίόυ
1310 2423 1394 2462 υἳὸσ
1419 2426 1445 2460 G
1471 2401 1610 2469 σολιήου
1632 2419 1717 2458 υἳὸσ
1741 2425 1782 2463 (s.
1806 2432 1852 2456 m.
1878 2423 1912 2463 2)

258 2508 291 2542 V
306 2502 445 2550 σολήου
459 2499 544 2538 υὶὸσ
557 2501 600 2543 R,
619 2509 686 2534 om.
700 2497 770 2531 Lat
831 2498 850 2529 9
866 2492 1008 2530 ἑαυτῶν
1021 2489 1052 2524 V
1115 2487 1152 2523 δὲ
1164 2485 1257 2520 VRC
1325 2486 1363 2517 10
1381 2476 1533 2522 ἅπασιν]
1551 2473 1668 2517 ἅπασι
1680 2479 1725 2519 A,
1742 2488 1810 2512 om.
1825 2477 1852 2510 C

263 2558 381 2598 αὐτὸσ
399 2554 516 2596 ἅπασι
533 2561 578 2592 tr.
595 2556 663 2591 VR
733 2552 936 2597 συμπονῶν
952 2558 1018 2581 om.
1037 2544 1062 2579 C
1135 2546 1171 2578 11
1192 2540 1406 2580 Γαλιλαίας]
1431 2537 1631 2583 γαλιλαίασ
1655 2533 1797 2580 πολλὴν
1813 2534 1845 2566 Α

262 2618 358 2654 νέων
372 2627 438 2651 om.
451 2615 521 2649 Lat
592 2615 632 2647 12
651 2606 715 2652 οὓς
729 2628 767 2633 —
791 2610 828 2642 13
843 2600 1015 2649 ὥπλιζεν]
1030 2611 1119 2646 quos
1133 2608 1253 2634 omnes
1265 2595 1423 2640 undique
1436 2592 1594 2628 collectis
1610 2591 1720 2625 armis
1736 2589 1915 2624 ueteribus

263 2672 462 2708 instruebat
474 2670 546 2704 Lat
615 2670 667 2708 τε]
683 2678 726 2712 γε
744 2664 794 2707 Μ,
811 2673 879 2698 om.
894 2660 920 2694 C
977 2649 1414 2704 ἐγκατασκευαζόμενος]
1432 2652 1495 2685 καὶ
1511 2643 1620 2684 καινὰ
1640 2643 1916 2688 σκευαζόμενος

264 2762 372 2797 Niese
445 2763 481 2793 15
501 2753 672 2793 εὖπειθία
690 2754 717 2788 Ρ
791 2754 831 2786 16
850 2751 888 2787 δὲ
904 2748 998 2784 VRC
1083 2741 1377 2789 περιγενόμενον
1389 2739 1492 2772 AML
1510 2717 1803 2782 περιγενόμενον
1821 2732 1847 2766 C

267 2820 305 2852 18
331 2816 534 2852 πλείστουσ
558 2813 588 2846 L
724 2809 952 2844 καθίσταται
978 2805 1003 2838 Ρ
1027 2802 1192 2839 καθίστα
1205 2816 1305 2823 ·····
1319 2808 1381 2837 το,
1407 2808 1427 2830 ο
1453 2805 1495 2829 ex
1520 2807 1557 2829 αι
1582 2802 1671 2827 corr.
1697 2790 1768 2824 uid.
1794 2789 1827 2823 A

1174 2867 1194 2886 ‘U

265 2920 305 2943 τε
330 2901 414 2952 γὰρ]
439 2916 512 2949 γαρ
538 2904 569 2936 Α
595 2902 632 2938 δὲ
655 2899 750 2935 VRC
776 2909 844 2943 que
868 2896 938 2930 Lat
1028 2888 1244 2928 οἷπεδείκνεν
1268 2887 1298 2920 L
1323 2880 1519 2921 άπεδείκνυ
1542 2881 1636 2916 VRC

1920 858 1956 890 10

1926 1195 1962 1227 15
