2018 3236
130 263 203 302 101

128 397 206 436 102

130 530 205 569 103
241 526 246 533 ”

132 796 209 835 104

132 998 213 1037 105

134 1199 212 1238 106

137 1402 216 1440 107

237 147 316 185 360
646 145 713 179 DE
738 145 898 179 BELLO
923 144 1019 179 IUD.
1045 144 1096 179 IV
1123 146 1296 178 101—107
1323 146 1358 185 (ιι
1386 149 1414 175 3.
1439 145 1469 185 4)

239 263 388 316 φέρειν
411 255 449 300 6'
486 256 632 312 ἐκείνῳ
663 257 740 310 μὲν
773 255 981 308 οὐδεμίαν
1010 254 1175 310 βλάβην
1207 254 1261 296 τὰ
1293 257 1368 312 τῆς
1398 251 1703 309 ’ὗπερθέσεωζ
1735 261 1778 298 τί
1808 256 1886 311 γὰρ

238 324 289 369 ἄν
311 341 377 374 τις
399 325 444 366 ἐν
476 326 591 366 νυκτὶ
621 322 908 378 βουλεύσαιτο
942 324 1139 377 δρασμοῦ
1170 323 1304 363 πλέον
1336 321 1431 372 ἐξὸν
1462 322 1886 377 περιστρατοπεδεύ-

239 408 376 435 σαντα
414 390 756 447 παραφυλάξαι,·
792 392 902 444 μέγα
943 389 989 430 δὲ
1027 389 1177 442 κέρδος
1214 384 1360 439 αὐτοῖς
1390 389 1438 432 τὸ
1470 390 1604 445 μηδὲν
1635 391 1887 444 παραβῆναι

237 462 322 500 τῶν
345 461 546 512 πατρίων
569 457 699 501 ἐθῶν.
749 460 914 510 πρέπει
940 456 985 498 δὲ
1016 458 1079 511 τῷ
1110 454 1233 510 παρὰ
1265 456 1535 509 προσδοκίαν
1567 455 1737 512 εἰρήνην
1765 472 1887 510 χαρι-

238 528 400 580 ζομένῳ
439 533 533 574 τοῖς
573 523 838 577 σωζομένοις
877 532 1022 580 τηρεῖν
1061 525 1132 565 καὶ
1163 521 1264 572 τοὺς
1296 522 1498 576 νόμους.“
1545 523 1764 573 τοιούτοις
1795 523 1888 565 ἔσο-

238 592 387 649 (ρι’ζετο
418 591 495 634 τὸν
531 595 683 642 Τίτον,
725 587 772 633 06
803 593 1014 633 τοσοῦτον
1043 592 1120 645 τῆς
1150 589 1395 643 ἑβδομάδος
1426 589 1751 643 στοχαζόμενος,
1788 585 1889 632 ὅσον

237 662 313 714 τῆς
346 656 478 701 αὑτοῦ
510 663 750 715 σωτηρίας
784 657 992 701 εδεδοίκει
1025 657 1070 699 δὲ
1102 656 1491 714 εγκαταληφθῆναι
1521 674 1784 713 παραχρημα
1815 659 1890 712 τῆς

240 726 412 776 πόλεως
454 723 642 782 ἁλουσης
681 742 724 768 εν
763 728 880 768 νικτὶ
919 727 990 767 καὶ
1031 727 1145 780 φυγῇ
1184 723 1264 774 τὰς
1303 724 1488 774 ελπίδας
1527 724 1633 777 έχων
1672 727 1749 766 τοῦ
1775 727 1890 778 βίου.

242 795 347 836 θεοῦ
396 788 437 835 δ
482 810 534 849 ην
574 792 697 848 ἔργον
737 789 821 848 α’ρα
861 795 939 834 τοῦ
980 791 1194 843 σώζοντος
1231 791 1307 833 τὸν
1338 787 1539 848 Ἰωάννην
1580 791 1654 833 επὶ
1692 790 1766 833 τὸν
1806 792 1891 832 τῶν

234 858 544 915 Ιεροσολύμων
590 858 779 914 ὄλεθρον
823 858 871 902 τὸ
912 858 969 917 μὴ
1011 858 1144 913 μόνον
1182 860 1426 916 πεισθηναι
1470 862 1600 901 Τιτον
1639 875 1689 915 τῃ
1728 857 1891 914 σκήψει

239 930 316 985 τῆς
355 926 658 981 ὑπερθέσεως,
700 923 811 969 ἀλλὰ
848 929 919 969 καὶ
959 929 1035 983 τῆς
1074 926 1247 976 πόλεως
1278 925 1544 983 πορρωτέρω
1576 924 1894 980 στρατοπεδεύ-

246 999 417 1038 σασθαι
453 994 566 1050 πρὸς
596 995 838 1044 Κυδασοῖς·
879 993 1105 1049 μεσόγειος
1137 993 1184 1036 δέ
1218 993 1310 1035 ἔστι
1346 996 1516 1047 Τυρίων
1545 993 1665 1050 κώμη
1695 992 1893 1048 καρτερά,

245 1063 319 1105 διὰ
359 1067 516 1117 μίσους
557 1058 623 1104 ἀεὶ
655 1064 728 1118 καὶ
758 1061 957 1115 πολέμου
989 1063 1265 1112 Γαλιλαίοις,
1308 1060 1465 1113 ἔχουσα
1496 1060 1671 1116 πλῆθός
1699 1076 1747 1102 τε
1778 1059 1895 1116 οἰκη-

244 1130 385 1185 τόρων
416 1131 486 1172 καὶ
519 1128 597 1184 τὴν
627 1125 867 1185 ὀχυρότητα
897 1131 973 1186 τῆς
1003 1127 1115 1183 πρὸς
1146 1127 1193 1170 τὸ
1229 1127 1360 1177 ἔθνος
1392 1127 1611 1181 διαφορᾶς
1641 1127 1814 1184 ἐφόδια.

357 1202 395 1239 4.
429 1195 598 1246 Νυκτὸς
630 1192 669 1238 6'
706 1193 727 1239 6
748 1195 892 1239 Ιωανι
885 1212 946 1252 ης
978 1211 1036 1245 ως
1067 1192 1273 1249 οὐδεμίαν
1304 1196 1407 1249 περὶ
1437 1196 1490 1251 τῇ
1520 1194 1650 1238 πόλει
1675 1193 1897 1249 Ῥωμαίων

246 1264 362 1318 ειόρα
387 1263 594 1321 φυλακην,
625 1263 701 1305 τὸν
731 1262 882 1318 καιρὸν
915 1260 1227 1317 ἁρπασόμενος
1259 1257 1307 1304 οὗ
1338 1261 1472 1316 μόνον
1502 1261 1602 1310 τοὺς
1633 1265 1736 1318 περὶ
1768 1258 1898 1305 αὐτὸν

246 1329 436 1380 οπλίτας
476 1327 587 1372 αλλὰ
626 1333 697 1373 Λαὶ
737 1333 822 1372 τῶν
862 1326 1105 1411 αργοτὲρων
1137 1328 1318 1382 σιχνοὺς
1349 1324 1440 1383 άμα
1470 1337 1566 1378 ταῖς
1595 1338 1762 1383 γενεαῖς
1793 1346 1898 1371 ανα-

248 1397 393 1453 λαβών
439 1397 515 1440 ἐπὶ
548 1396 856 1452 Ἱεροσολύμων
902 1413 1068 1453 εφευγε.
1126 1397 1250 1451 μέχρι
1293 1396 1372 1450 μὲν
1417 1395 1491 1438 οὐν
1531 1395 1669 1438 είλοσι
1708 1396 1898 1438 σταδίων

247 1465 339 1509 οἱόν
384 1482 431 1507 τε
475 1467 526 1523 ἠν
566 1465 867 1545 συιεξαγαγεῖν
905 1467 1118 1519 γιναιιαῦν
1158 1466 1229 1505 λαὶ
1268 1464 1462 1505 ταιδίων
1502 1460 1628 1515 ὄχλον
1669 1459 1899 1518 ανθρώπῳ

246 1532 641 1588 κατασπερχομένῳ
663 1541 755 1581 τοῖς
776 1529 887 1585 ὑπὲρ
910 1531 1215 1615 αιχμαλωσιάς
1235 1533 1308 1573 καὶ
1329 1533 1405 1573 τοῦ
1438 1530 1485 1586 ζ]
1487 1549 1508 1573 ν
1540 1530 1710 1586 ([όροις,
1743 1546 1899 1584 περαι-

360 1614 675 1677 PAMLVRCLat
680 1641 899 1686 Hegesippus
924 1641 973 1676 IV
999 1644 1019 1674 4
1044 1652 1076 1685 p.
1104 1644 1178 1676 229

366 1703 380 1733 1
409 1699 447 1734 δὲ
471 1698 569 1733 LVR
660 1697 719 1738 τά]
745 1694 812 1733 τὰ
833 1697 866 1730 A
953 1698 990 1733 τί
1007 1717 1047 1721 -
1067 1700 1085 1730 3
1112 1694 1391 1743 παραφυλάξαι]
1418 1695 1517 1740 quod
1540 1697 1632 1731 enim
1656 1697 1763 1730 unius
1786 1695 1900 1730 noctis

250 1755 407 1800 spatium
431 1760 576 1799 praeter
597 1754 714 1798 fussee
738 1754 923 1787 consilium
948 1753 1102 1798 ceperit,
1130 1753 1347 1798 praesertim
1372 1762 1450 1786 cum
1475 1751 1513 1785 id
1536 1751 1728 1787 obseruare
1752 1752 1901 1786 circum-

249 1810 426 1845 sedentem
460 1821 561 1844 nemo
593 1809 784 1854 prola'beat
809 1809 877 1842 Lat
970 1812 988 1842 2
1015 1811 1183 1854 δρασμοῦ
1207 1808 1365 1851 spurium
1389 1809 1494 1851 putat
1518 1807 1691 1842 Destinon
1784 1821 1902 1854 παρα-

1503 1867 1555 1900 ξσει

252 1908 629 1957 στρατοπεδεύσαντα
647 1910 693 1943 L¹
712 1922 1082 1955 περιστρατευσαντα
1100 1909 1126 1943 C
1220 1911 1239 1942 3
1265 1886 1571 1955 παραφυλάτῖειν
1597 1912 1637 1950 (s.
1658 1919 1701 1944 m.
1723 1911 1735 1942 1
1757 1908 1798 1950 L,
1814 1918 1842 1942 S.
1856 1918 1902 1942 m.

253 1972 271 2002 2
286 1967 329 2009 V)
345 1967 408 2001 LV
478 1969 708 2012 παραβῆναι]
727 1966 908 2011 despicere
926 1966 994 1999 Lat
1064 1969 1083 1999 4
1101 1968 1272 2010 πατριῶν
1290 1965 1357 1998 ΡΜ
1429 1965 1542 2006 ἐθῶν]
1562 1962 1689 2008 νόμων
1706 1965 1758 1999 ed.
1785 1975 1837 2008 pr.

253 2024 398 2069 πρέπει]
423 2023 547 2057 decere
572 2023 641 2056 Lat
666 2022 822 2069 πρέπειν
846 2021 1000 2055 Dindorf
1115 2023 1180 2068 τῷ]
1206 2018 1249 2056 τὸ
1278 2020 1303 2054 C
1417 2021 1686 2067 χαριζομένωι,
1716 2034 1760 2055 ωι
1784 2030 1828 2053 ex
1852 2034 1905 2056 ων

255 2090 345 2114 corr.
363 2079 394 2113 V
465 2083 481 2112 7
503 2075 618 2114 αὐτοῦ
636 2077 820 2112 PA¹MVR
838 2076 972 2114 ἑαυτοῦ
989 2077 1047 2110 LC
1117 2078 1166 2117 δὲ]
1185 2072 1224 2112 δ’
1242 2077 1271 2111 L
1289 2091 1363 2122 γαρ
1381 2079 1457 2119 (sic)
1474 2077 1497 2112 i.
1516 2088 1586 2112 ras.
1605 2077 1636 2110 R
1660 2078 1751 2111 euim
1769 2077 1839 2111 Lat

252 2134 592 2181 ἐγκαταλειφθῆναι
610 2135 769 2169 PA¹LV²
787 2145 830 2168 ne
844 2154 885 2158 —
900 2134 1000 2168 solus
1023 2133 1275 2167 destitueretur
1291 2134 1360 2168 Lat
1444 2137 1463 2167 9
1488 2133 1525 2169 δὲ
1542 2133 1635 2167 VRC·
1706 2129 1906 2168 σώσαντοσ

253 2191 348 2226 VRC
479 2187 547 2226 τὸν
571 2200 638 2224 om.
664 2191 711 2224 L¹
842 2186 911 2225 τὸν
935 2192 1023 2230 τῶν]
1048 2186 1116 2224 τὸν
1140 2185 1174 2229 (ὸ
1202 2199 1244 2223 ex
1269 2192 1298 2223 a}
1324 2199 1412 2224 corr.
1438 2190 1483 2231 V)
1506 2189 1570 2223 LV
1595 2192 1672 2224 τῶν
1695 2188 1728 2222 R
1752 2190 1806 2236 τῷ
1830 2190 1907 2224 τῶν

253 2249 302 2289 (et
329 2242 486 2294 ὀλέθρῳ)
512 2246 665 2280 Dindorf
686 2256 729 2280 ex
755 2245 832 2280 cod.
858 2246 900 2280 L.
928 2246 967 2280 B.
1042 2248 1080 2279 10
1101 2242 1382 2290 Ἱεροσολύμων]
1407 2245 1653 2281 P1LVRCLat
1677 2244 1907 2290 ὶεροσολυμι-

253 2305 331 2339 τῶν
355 2303 427 2336 AM
458 2304 493 2336 et
519 2312 561 2336 ex
587 2312 677 2335 corr.
703 2302 730 2334 P
823 2301 953 2347 σκέψει
980 2301 1006 2334 C
1101 2305 1136 2335 11
1164 2298 1389 2337 ὑποθέσεωσ
1413 2300 1443 2334 L
1535 2300 1782 2347 πορρωτέρω]
1807 2296 1907 2336 ἄπω-

255 2359 351 2405 τίρω
376 2359 405 2392 L
511 2355 843 2402 στρατοπεδεύσασ
867 2358 899 2392 V
1006 2360 1045 2391 12
1072 2359 1267 2399 Κυδασοῖς]
1292 2360 1470 2393 κυδακοῑσ
1495 2357 1605 2391 PAL²
1628 2352 1845 2392 κυδαιοσοῖσ
1868 2357 1909 2390 ut

255 2415 325 2449 uid.
350 2414 399 2448 L1
422 2417 639 2450 κυδοισσοῖσ
663 2413 820 2457 MCLips
843 2416 1043 2449 κυδυσσοῖσ
1066 2413 1133 2448 VR
1157 2413 1318 2459 cydysan
1344 2417 1406 2448 aut
1431 2413 1609 2458 cydz'ssam
1633 2413 1721 2455 Lat;
1754 2410 1910 2448 Κάδασα

255 2473 409 2505 uocatur
433 2480 542 2515 supra
566 2470 600 2504 ΙΙ
626 2474 701 2513 459,
729 2467 892 2505 Κύδισσα
910 2471 993 2503 Ant.
1019 2469 1092 2503 Iud.
1118 2469 1170 2503 IX
1195 2472 1257 2503 235
1329 2465 1363 2505 δ’
1387 2469 1417 2502 L
1492 2471 1529 2502 13
1555 2465 1625 2510 διὰ]
1649 2470 1712 2504 καὶ
1737 2467 1793 2504 διὰ
1812 2467 1842 2501 L

260 2562 300 2594 14
327 2557 569 2606 ὀχυρωτάτην
593 2559 659 2594 VR
734 2561 811 2603 τῆς]
841 2561 943 2605 διτῆσ
966 2561 1011 2599 (δι
1035 2558 1199 2599 deletum)
1225 2558 1251 2591 C
1326 2555 1473 2603 ἐφόδια]
1498 2557 1675 2602 ἐφοδειάν
1698 2556 1732 2591 R
1755 2535 1911 2602 ἐφοδῗέν

258 2617 297 2655 (s.
323 2626 368 2649 m.
395 2618 427 2656 2)
444 2615 476 2650 V
571 2618 609 2650 15
636 2615 673 2651 δὲ
690 2614 816 2649 LVRC
909 2610 960 2656 ὡς
984 2625 1049 2648 om.
1068 2613 1221 2647 Dindorf
1245 2623 1288 2647 ex
1313 2614 1392 2648 cod.
1411 2613 1453 2647 L.
1476 2614 1515 2646 Β.
1610 2608 1798 2656 οὐδεμίαν]
1826 2610 1911 2649 οὔτε

257 2671 348 2714 μίαν
374 2671 473 2704 ΡΑΜ
559 2666 752 2714 Ῥωμαίων
782 2680 811 2704 s.
836 2669 862 2703 P
958 2672 997 2703 16
1031 2665 1211 2713 ἑωρακὼς
1233 2668 1389 2702 Dindorf
1412 2679 1454 2702 ex
1481 2669 1557 2702 cod.
1583 2667 1624 2702 L.
1653 2668 1691 2701 B.
1793 2664 1912 2714 ἁρπα-

259 2723 434 2770 σάμενος]
460 2722 735 2770 οέσπασάμενοσ
755 2726 803 2759 L¹
879 2728 915 2759 18
940 2726 1114 2765 σταδίων]
1140 2725 1303 2759 σταδίων
1327 2720 1383 2760 ὠσ
1406 2724 1502 2760 VRO
1576 2727 1613 2758 19
1639 2726 1912 2769 συνεξαγαγεῖν,

261 2785 301 2824 εξ
324 2792 350 2815 s.
379 2781 404 2815 C
474 2785 658 2827 γυναικῶν
673 2802 714 2806 -
735 2780 860 2827 ὄχλον]
888 2781 1053 2816 mulieres
1077 2790 1119 2814 ac
1140 2789 1274 2825 pueros
1298 2779 1488 2825 (paruulos
1513 2779 1589 2813 cod.
1615 2779 1711 2818 Vat.)
1735 2779 1914 2824 aliamque

261 2837 522 2871 multitudinem
540 2838 610 2871 Lat
678 2838 849 2877 παιδίων]
868 2838 1014 2872 παίδων
1030 2836 1102 2870 AM
1173 2838 1213 2869 20
1232 2834 1381 2881 φόβοις]
1400 2833 1542 2881 φόβοισ
1562 2834 1596 2870 οῖ
1623 2833 1914 2876 συνεξελθόντεσ

260 2891 415 2929 εἵποντο
432 2893 457 2927 C
471 2890 610 2939 φόβοις
624 2890 777 2929 εἵποντο
794 2892 951 2935 Cocceji3
971 2892 1012 2926 cf.
1028 2891 1214 2926 Holwerda
1231 2902 1264 2936 p.
1287 2895 1347 2927 155
1421 2890 1611 2937 περετέρω
1625 2890 1657 2926 R
1673 2893 1709 2924 et
1725 2893 1764 2925 ut
1780 2889 1851 2924 uid.
1866 2890 1914 2925 V¹

1923 867 1959 899 10

1928 1202 1964 1235 15

1929 1538 1966 1570 20
