2018 3236
107 353 185 393 608

105 622 185 661 609

105 756 184 794 610

104 958 181 996 611

105 1093 185 1131 612

105 1228 186 1267 613

106 1496 186 1535 614

219 171 299 206 426
651 168 717 202 DE
742 167 902 202 BELLO
928 168 1022 203 IUD.
1049 168 1099 204 IV
1122 171 1301 203 607-614
1324 172 1360 211 (X
1389 173 1419 212 5)

212 282 359 336 χώραν
398 280 507 333 ἔχειν
545 282 630 322 τῶν
671 275 760 321 άπὸ
801 282 878 337 τῆς
914 275 1041 337 τύχης
1079 276 1273 338 ἆδήλων·
1314 280 1407 324 ἔστι
1444 280 1526 336 γὰρ
1566 281 1676 324 κατά
1714 298 1761 324 τε
1789 285 1868 339 γῆν

218 348 483 402 δυσέμβολος
521 348 592 389 καὶ
632 345 686 388 τὰ
725 345 839 400 πρὸς
877 347 1113 403 θαλάσσης
1152 343 1378 402 ἀλίμενος,
1418 347 1529 390 κατὰ
1567 349 1645 403 μὲν
1677 348 1867 405 ἑσπέραν

216 415 545 471 προβεβλημένη
591 412 646 455 τὰ
688 410 851 467 ἄνυδρα
888 416 965 468 τῆς
1002 414 1197 471 Λιβύης,
1244 413 1353 457 κατὰ
1394 415 1441 457 δὲ
1478 418 1752 472 μεσημβρίαν
1790 415 1867 473 τὴν

218 480 492 534 διορίζουσαν
533 476 622 522 ἀπὸ
665 480 916 524 Αἰθιόπων
954 481 1031 537 τὴν
1069 481 1234 538 Συήνην
1269 483 1342 524 καὶ
1382 480 1483 532 τοὺς
1522 478 1753 532 ἀπλώτους
1790 486 1868 525 τοῦ

216 549 418 601 ποταμοῦ
468 547 759 603 καταράκτας,
812 543 900 591 ἀπὸ
950 549 995 590 δὲ
1039 551 1115 605 τῆς
1161 545 1374 605 ἀνατολῆς
1417 548 1494 606 τὴν
1539 548 1731 605 ἐρυθρὰν
1776 550 1867 592 θά-

218 616 382 657 λασσαν
423 610 712 671 ἀναχεομένην
742 618 865 668 μέχρι
896 617 1093 658 Κοπτοῦ.
1148 612 1323 671 βόρειον
1364 616 1410 658 δὲ
1446 626 1588 669 τεῖχος
1629 612 1736 673 αὐτῇ
1766 616 1793 674 ἤ
1821 634 1869 660 τε

216 684 340 736 μέχρι
362 685 522 736 Συρίας
541 683 594 738 γῆ
614 683 687 724 καὶ
708 681 757 724 τὸ
781 682 1045 736 καλούμενον
1065 681 1320 737 Αἰγύπτιον
1341 684 1544 739 πέλαγος,
1575 685 1667 726 πᾶν
1699 681 1869 738 ἄπορον

217 744 377 803 ὅρμων.
435 753 700 802 τετείχισται
738 750 817 803 μὲν
849 745 986 800 οὕτως
1016 747 1039 806 ἡ
1072 751 1307 806 Αἴγυπτος
1337 750 1584 793 πάντοθεν·
1624 749 1672 793 τὸ
1706 750 1867 804 μεταξὺ

218 816 263 858 δὲ
287 817 540 872 Πηλουσίου
561 818 631 858 καὶ
655 817 819 874 Συήνης
840 820 975 874 μῆκος
996 813 1128 874 αὐτῆς
1155 818 1346 861 σταδίων
1378 818 1613 871 δισχιλίων,
1645 816 1670 860 ὅ
1698 833 1746 859 τε
1777 816 1866 860 ἀπὸ

217 885 293 939 τῆς
314 884 563 940 Πλινθίνης
584 880 809 934 ἀνάπλους
831 884 892 934 εἰς
915 884 964 927 τὸ
993 884 1240 941 Πηλούσιον
1272 885 1462 928 σταδίων
1492 886 1742 940 τρισχιλίων
1773 884 1871 935 ἑξα-

216 954 389 993 κοσίων.
441 948 462 993 ὁ
496 952 542 994 δὲ
565 953 724 1002 Νεῖλος
756 948 1019 994 ἀναπλεῖται
1049 955 1173 1008 μέχρι
1202 955 1278 1008 τῆς
1303 948 1573 1009 Ἐλεφάντων
1604 954 1870 1010 καλουμένης

215 1018 407 1071 πόλεως,
454 1016 566 1074 ’ὑπὲρ
614 1018 664 1074 ἣν
705 1019 898 1074 εἴργουσι
938 1023 1205 1075 προσωτέρω
1241 1029 1397 1072 χωρεῖν
1437 1019 1510 1070 οὓς
1549 1020 1870 1078 προειρήκαμεν

216 1086 500 1141 καταράκτας.
552 1086 847 1141 δυσπρόσιτος
869 1087 915 1128 δὲ
938 1085 1066 1143 λιμὴν
1088 1089 1215 1129 ναυσὶ
1245 1089 1317 1130 καὶ
1348 1083 1444 1129 κατ)
1481 1086 1651 1144 εἰρήνην
1667 1083 1869 1138 Ἀλεξαν-

218 1154 388 1209 δρείας·
422 1154 572 1204 στενός
602 1171 649 1196 τε
678 1153 758 1210 γὰρ
792 1154 999 1204 εἴσπλους
1029 1155 1100 1196 καὶ
1132 1157 1316 1206 πέτραις
1346 1152 1534 1211 ὑφάλοις
1563 1154 1638 1197 τὸν
1661 1150 1734 1197 ἐπ’
1762 1151 1869 1197 εὐθὺ

218 1221 526 1274 καμπτόμενος
548 1218 722 1276 δρόμον.
774 1223 845 1264 καὶ
867 1220 916 1263 τὸ
939 1221 1018 1274 μὲν
1041 1216 1270 1276 ἀριστερὸν
1297 1217 1429 1263 αὐτοῦ
1458 1225 1589 1278 μέρος
1619 1225 1871 1278 πέφρακται

213 1289 516 1346 χειροκμήτοις
538 1290 745 1340 σκέλεσιν,
779 1288 822 1331 ἐν
845 1287 967 1345 δεξιᾷ
992 1288 1038 1330 δὲ
1068 1285 1092 1343 ἡ
1126 1292 1534 1345 προσαγορευομένη
1561 1289 1710 1345 Φάρος
1741 1291 1871 1346 νῆσος

217 1356 460 1409 πρόκειται,
493 1356 658 1412 πύργον
682 1357 838 1409 ἔχουσα
859 1359 1064 1410 μέγιστον
1086 1354 1406 1409 ἐκπυρσεύοντα
1426 1366 1520 1407 τοῖς
1549 1358 1871 1399 καταπλέουσιν

217 1422 292 1466 ἐπὶ
323 1428 598 1477 τριακοσίους
630 1424 854 1475 σταδίους,
895 1421 954 1473 (ὗς
985 1422 1028 1465 ἐν
1060 1425 1175 1465 νυκτὶ
1208 1422 1447 1478 πόρρωθεν
1478 1421 1726 1478 ὁρμίζοιντο
1759 1424 1872 1479 πρὸς

218 1490 294 1544 τὴν
318 1491 568 1547 δυσχέρειαν
588 1493 665 1533 τοῦ
687 1491 927 1534 κατάπλου.
978 1492 1082 1545 περὶ
1103 1490 1263 1547 ταύτην
1283 1490 1360 1547 τὴν
1390 1494 1519 1547 νῆσον
1550 1493 1870 1548 καταβέβληται

328 1637 635 1672 PAMLVRCLat
645 1638 864 1681 Hegesippus
888 1636 938 1671 IV
963 1640 1004 1671 26
1029 1649 1063 1682 p.
1090 1639 1153 1671 263
1169 1647 1219 1680 sq.

331 1742 345 1772 1
374 1735 482 1784 ἔχειν]
509 1736 556 1774 οἳν
579 1735 677 1783 ἔχειν
701 1737 808 1772 Niese
900 1739 919 1771 2
945 1707 1152 1783 δυσέιβολοσ
1169 1737 1196 1770 Ρ
1214 1718 1422 1785 δυσέμβολῧ
1449 1737 1623 1784 (δυσέμβο
1642 1738 1665 1773 i.
1682 1742 1767 1781 ras.)
1790 1739 1823 1772 A

216 1792 261 1832 τὰ
295 1805 361 1829 om.
393 1795 535 1829 Bekker
633 1791 708 1838 πρὸ
725 1813 732 1820 ·
749 1796 782 1828 A
881 1791 1081 1829 θάλασσαν
1104 1792 1171 1826 MC
1270 1790 1379 1834 κατὰ]
1404 1796 1466 1829 καὶ
1490 1791 1536 1829 τὰ
1563 1794 1589 1827 C
1686 1796 1704 1827 3
1730 1807 1867 1841 μεσημ-

216 1853 331 1898 βρίαν
356 1851 393 1886 δὲ
416 1853 460 1885 tr.
485 1851 515 1885 L
607 1854 627 1884 4
653 1849 718 1895 τὴν
742 1860 809 1885 om.
836 1850 976 1884 Bekker
1068 1848 1212 1895 συήνην,
1236 1863 1256 1884 υ
1273 1859 1316 1883 ex
1334 1862 1354 1884 0
1373 1859 1462 1884 corr.
1487 1849 1559 1883 uid.
1585 1848 1624 1892 P,
1649 1863 1670 1884 υ
1690 1850 1713 1885 1.
1738 1860 1809 1885 ras.
1834 1852 1867 1885 A

218 1904 354 1953 σοηνὴν
378 1907 443 1941 VR
465 1918 552 1941 soen
576 1907 652 1950 Heg
677 1905 753 1940 cod.
781 1905 806 1939 C
882 1901 1077 1942 οἷπλότουσ
1101 1905 1193 1938 PAL
1286 1908 1304 1938 5
1335 1902 1607 1951 καταρράκτασ
1630 1905 1696 1939 MC
1788 1904 1866 1952 τὴν]

216 1974 259 1997 ex
284 1963 355 1998 Lat
384 1961 444 1998 ἐπὶ
469 1959 535 2007 τὴν
567 1961 669 1996 codd.
695 1958 749 1997 ἔτι
773 1959 839 2004 τὶν
863 1961 1011 1996 Hudson
1150 1964 1168 1995 6
1200 1955 1466 2006 ἀναχεομένην]
1498 1960 1601 1994 LLat
1633 1956 1867 2008 α’ναχεομένη

216 2018 415 2053 PAMVRG
553 2020 721 2059 Κοπτοῦ]
750 2015 897 2053 κόπτου
921 2017 1067 2052 PA¹VR
1097 2016 1170 2059 (ad)
1199 2020 1328 2062 copton
1361 2016 1542 2050 ciuitatem
1573 2016 1644 2050 Lat
1678 2019 1868 2064 Κλείθρου

216 2075 303 2110 Max
319 2075 396 2109 Ihm
421 2073 527 2115 (Mus.
544 2074 658 2109 Rhea.
677 2077 719 2108 46
743 2085 778 2118 p.
798 2076 876 2110 323)
902 2084 945 2108 ex
961 2074 1173 2117 Hegessppo,
1197 2073 1233 2106 in
1257 2082 1326 2116 quo
1351 2074 1405 2106 est
1429 2072 1471 2106 ab
1498 2073 1634 2106 oriente
1656 2073 1868 2118 refunditur

216 2142 316 2166 ‘snare
338 2130 485 2165 rubrum
504 2129 645 2175 clylluv
670 2129 734 2170 (sic
755 2130 832 2164 cod.
852 2130 894 2171 C;
922 2128 1057 2164 Clitlero
1078 2128 1217 2170 Weber)
1243 2132 1353 2168 tenus,
1379 2127 1440 2171 qul
1464 2127 1565 2161 locus
1588 2131 1759 2164 extremis
1782 2129 1867 2164 ulti-

216 2199 294 2222 mus
319 2188 424 2221 terris
446 2186 610 2232 peruium
636 2185 684 2219 acl
707 2185 811 2219 indos
834 2185 952 2230 aperit
976 2185 1043 2218 iter
1066 2184 1295 2229 naztiqaturis
1401 2179 1505 2228 αὐτῇ]
1531 2179 1643 2229 αὐτῆς
1670 2184 1778 2219 Niese

218 2248 235 2278 7
261 2246 338 2279 πᾶν
360 2254 428 2277 om.
455 2242 482 2276 P
554 2246 572 2276 9
600 2239 754 2287 Συήνης]
780 2245 919 2287 σοηνῆσ
939 2241 1005 2276 VR
1026 2251 1155 2275 soenen
1174 2239 1249 2282 Heg
1267 2239 1342 2274 cod.
1371 2240 1396 2274 C
1466 2241 1627 2275 σταδίων
1642 2260 1686 2265 —-
1705 2243 1745 2274 10
1768 2252 1868 2286 τρισ-

214 2301 346 2345 χιλίων
371 2297 587 2340 ἑξακοσίων]
612 2299 705 2332 inter
726 2298 905 2343 pelusium
929 2307 1015 2332 uero
1040 2300 1073 2330 el
1095 2306 1227 2341 syenen
1248 2306 1315 2340 per
1339 2295 1409 2329 (luo
1433 2295 1532 2329 milia
1555 2295 1756 2330 stadiorum
1778 2307 1866 2342 por-

216 2356 358 2401 riyz‘tur.
405 2366 454 2390 ex
473 2355 628 2400 plintz'ne
653 2358 769 2389 aulem
794 2353 843 2388 ad
862 2353 1040 2398 pelusium
1065 2352 1212 2395 nauigio
1241 2350 1441 2385 stadiorum
1467 2356 1519 2385 est
1543 2351 1649 2385 {rium
1673 2352 1807 2386 milium
1831 2357 1867 2388 et

215 2415 467 2446 secccentorum
493 2410 562 2445 Lat
585 2411 677 2444 iuter
700 2420 829 2446 soeuen
854 2414 887 2445 et
903 2409 1084 2456 pelusium
1116 2406 1300 2452 lonqitudo
1331 2407 1500 2441 immensa
1532 2407 1731 2441 stadiorum
1756 2408 1864 2442 duum

216 2467 350 2501 milium
366 2466 398 2500 si
411 2466 503 2511 fides
519 2466 665 2501 assertis
681 2466 793 2507 adest,
816 2470 850 2501 et
866 2477 888 2500 a
902 2464 1080 2511 plinthine
1103 2474 1214 2508 usque
1230 2462 1278 2496 ad
1287 2462 1469 2508 pelusium
1494 2462 1576 2496 item
1601 2462 1706 2497 trium
1731 2464 1865 2499 milium

216 2528 466 2557 sexcentorum
480 2522 557 2565 Heg
617 2524 803 2567 δισχιλίων
816 2542 858 2548 --
875 2525 914 2556 10
929 2522 1091 2557 σταδίων
1104 2531 1169 2555 om.
1184 2519 1274 2553 PAO
1337 2521 1389 2559 τε]
1405 2517 1441 2553 δὲ
1455 2517 1485 2551 L
1550 2521 1588 2552 10
1603 2521 1778 2566 πλιθίνησ
1790 2519 1820 2554 L

217 2575 263 2613 τὸ
289 2589 355 2612 om.
381 2578 487 2612 MVR
593 2578 631 2611 in
655 2577 810 2612 numeris
835 2577 1029 2613 stadiorum
1054 2579 1209 2611 erratum
1234 2584 1311 2610 esse
1334 2576 1484 2618 apparet
1594 2577 1631 2609 11
1660 2579 1797 2618 νεῖλοσ,
1820 2579 1864 2611 λο

218 2643 261 2666 ex
285 2646 305 2667 ν
329 2643 419 2667 corr.
437 2633 477 2667 M
545 2636 609 2679 τῆς
626 2644 691 2668 om.
709 2634 741 2667 R
809 2634 917 2679 μέχρι
936 2654 976 2657 -
998 2636 1036 2667 12
1062 2630 1219 2673 πόλεως]
1246 2630 1294 2665 ad
1314 2630 1535 2675 elefantinen
1559 2640 1672 2674 usque
1695 2630 1866 2676 oppidum

217 2688 289 2722 Lat
382 2692 419 2723 12
446 2689 672 2736 προσοτέρω
697 2690 725 2724 Ρ
799 2693 837 2724 13
861 2686 1132 2735 καταρράκτασ
1156 2687 1194 2721 Μ
1272 2681 1292 2721 ὃ
1318 2681 1590 2732 Ἀλεξανδρείας
1612 2686 1684 2726 (uel
1705 2681 1867 2729 Ἀλεξάν-

218 2747 335 2789 δρεια)
359 2744 501 2778 Bekker
574 2748 613 2778 14
638 2758 678 2780 τε
702 2756 769 2779 om.
795 2745 853 2779 PC
921 2741 996 2786 ἐπ’]
1022 2741 1128 2780 {m'L
1200 2746 1239 2777 15
1264 2739 1553 2787 καμπτόμενοσ,
1585 2754 1635 2785 αμ
1659 2742 1682 2775 i.
1707 2751 1777 2776 ras.
1802 2742 1866 2776 mi-

218 2810 305 2834 nore
329 2799 379 2840 M,
402 2813 429 2843 μ
452 2800 475 2833 i.
500 2810 571 2835 ras.
596 2801 625 2834 L
721 2804 760 2834 16
786 2803 890 2845 νησὶσ
914 2800 1007 2835 VRC
1033 2806 1068 2835 et
1090 2801 1112 2835 i.
1139 2809 1247 2842 marg.
1272 2798 1311 2832 M
1404 2801 1442 2831 17
1469 2795 1691 2844 πρόσκειται
1714 2796 1775 2831 RC

219 2852 369 2900 ἔχουσα]
395 2850 580 2900 ἀνέχουσα
598 2855 724 2890 LVRC
741 2858 891 2891 sustinet
907 2856 977 2890 Lat
1045 2851 1321 2901 ἐκπυρσεύουσα
1340 2853 1401 2888 VC
1473 2855 1511 2888 19
1530 2852 1724 2897 δυσχέριαν
1740 2852 1823 2888 V¹R

219 2913 346 2957 νῆσον]
371 2911 499 2957 νησίδα
524 2911 650 2946 LVRC
674 2915 709 2945 et
731 2911 754 2946 i.
779 2921 885 2956 marg.
912 2912 949 2945 M
1039 2910 1328 2958 καταβέβληται]
1353 2908 1631 2956 καταβάλλεται
1655 2907 1685 2941 L

1901 896 1937 929 10

1901 1232 1937 1264 15
