2018 3236
242 136 320 172 240
627 132 693 167 DE
717 132 877 186 BELLO
902 130 1000 166 IUD.
1026 130 1060 164 II
1085 133 1258 164 466-471
1290 136 1405 172 (XVTH
1432 136 1459 162 3.
1488 135 1517 171 4)

237 245 472 295 Ἰουδαίους
511 243 752 299 ἐπείρασαν
783 243 1045 296 πολεμίους·
1084 241 1321 295 ταξάμενοι
1351 242 1431 297 γὰρ
1461 241 1572 296 μετὰ
1603 245 1690 285 τιῦν
1722 247 1893 286 Σκυθο-

241 315 435 361 πολιτῶν
458 313 627 366 καὶτῆς
652 309 817 352 ἑαυτῶν
849 305 1098 366 ἀσφαλείας
1129 309 1172 352 ἐν
1205 310 1390 365 δευτέρῳ
1421 313 1605 364 θέμενοι
1634 309 1711 366 τὴν
1743 314 1892 365 συγγέ-

241 397 359 422 νειαν
399 377 535 432 ὁμόσε
573 387 665 428 τοῖς
704 374 949 433 ὁμοφύλοις
988 376 1186 432 ἐχώρουν.
1244 374 1522 434 ὑπωπτεύθη
1563 373 1603 419 δ)
1649 372 1790 419 αὐτῶν
1819 379 1892 420 καὶ

129 453 208 491 467
239 446 287 488 τὸ
332 449 430 488 λίαν
469 444 727 501 πρόθυμον·
774 445 816 486 οἳ
853 446 956 499 γοῦν
994 445 1327 487 Σκυθοπολῖται
1369 444 1592 494 δείσαντες
1628 443 1686 501 μὴ
1730 440 1894 499 νύκτωρ

240 512 553 570 ἐπιχειρήσωσι
600 514 653 568 τῇ
692 511 824 554 πόλει
861 513 933 553 καὶ
974 511 1083 565 μετὰ
1120 511 1310 568 μεγάλης
1350 506 1492 553 αὐτῶν
1530 513 1761 568 συμφορᾶς
1799 520 1894 561 τοῖς

239 582 416 630 οἰκείοις
448 576 816 635 ἀπολογήσωνται
847 580 950 634 περὶ
980 581 1057 636 τῆς
1088 574 1391 630 ἀποστάσεως,
1424 577 1617 621 ἐκέλευον
1650 576 1819 630 αὐτούς,
1854 579 1892 621 εἰ

236 647 471 702 βούλονται
508 646 587 705 τὴν
625 644 835 701 ὁμόνοιαν
872 648 1119 700 βεβαιῶσαι
1155 647 1229 688 καὶ
1267 645 1315 688 τὸ
1358 645 1471 701 πρὸς
1500 645 1601 696 τοὺς
1633 641 1892 695 ἀλλοεθνεῖς

239 714 402 757 πιστὸν
434 713 771 765 ἐπιδείξασθαι,
811 717 1092 767 μεταβαίνειν
1124 708 1215 766 ἅμα
1245 722 1343 763 ταῖς
1372 722 1539 768 γενεαῖς
1570 713 1632 763 εἷς
1661 711 1709 754 τὸ
1744 709 1891 762 ἄλσος.

130 786 211 825 468
243 784 330 824 τιῦν
353 782 398 824 δὲ
420 782 702 839 ποιησάντων
721 780 770 823 τὸ
795 781 1077 835 προσταχθὲν
1102 783 1237 836 χωρὶς
1266 778 1483 836 ὑποψίας,
1516 781 1592 823 δύο
1623 781 1701 834 μὲν
1731 777 1896 837 ἡμέρας

238 845 461 907 ἠρέμησαν
502 850 544 892 οἵ
574 850 907 891 Σκυθοπολῖται
946 848 1024 903 τὴν
1064 853 1216 892 πίστιν
1256 845 1398 890 αὐτῶν
1431 848 1723 900 δελεάζοντες,
1764 849 1814 901 τῇ
1846 846 1893 888 δὲ
1923 855 1961 888 10

237 921 360 973 τρίτῃ
402 919 520 959 νυκτὶ
560 915 949 973 παρατηρήσαντες
986 915 1088 966 τοὺς
1125 916 1203 970 μὲν
1240 912 1518 972 ἀφυλάκτους
1548 915 1622 966 οὓς
1653 915 1699 957 δὲ
1729 931 1895 968 κοιμω-

238 987 393 1037 μένους
432 984 634 1034 όίπαντας
674 979 938 1039 ἀπέσφαξαν
978 980 1108 1033 ὄντας
1138 982 1214 1026 τὸν
1246 979 1440 1037 ἀριθμὸν
1472 981 1582 1038 ἱπὲρ
1611 986 1792 1039 μυρίους
1822 983 1894 1024 καὶ

238 1052 522 1105 τρισχιλίους,
553 1050 632 1101 τὰς
664 1051 709 1093 δὲ
739 1051 911 1108 κτήσεις
941 1051 1193 1108 διήρπασαν
1225 1047 1448 1093 ἁπάντων.

127 1122 207 1162 469
353 1124 391 1162 4.
416 1116 566 1170 ”Agnou
589 1115 630 1160 δ’
657 1115 979 1175 ἀφηγήσασθαι
1009 1121 1080 1162 καὶ
1111 1118 1159 1161 τὸ
1184 1122 1383 1172 Σίμωνος
1413 1118 1578 1170 πάθος,
1611 1117 1659 1168 ὃς
1691 1118 1785 1167 υἱὸς
1815 1117 1895 1171 μὲν

239 1177 289 1240 ἦν
319 1186 516 1229 Σαούλου
555 1185 674 1236 τινὸς
711 1188 799 1227 τῶν
839 1182 913 1227 οὐκ
950 1182 1150 1243 ἀσήμων,
1189 1186 1310 1243 ῥώμῃ
1344 1187 1387 1228 δὲ
1421 1186 1622 1240 σώματος
1652 1187 1724 1228 καὶ
1753 1184 1891 1240 τόλμῃ
1924 1193 1960 1224 15

127 1258 207 1297 470
241 1254 462 1310 διαφέρων
489 1253 565 1296 ἐπὶ
593 1255 709 1308 κακῷ
738 1255 823 1295 τιῦν
855 1251 1091 1310 ὁμοφύλων
1123 1250 1391 1309 ἀμφοτέροις
1420 1254 1735 1311 κατεχρήσατο·
1778 1268 1890 1307 προ-

242 1320 320 1363 ϊών
349 1323 451 1376 γοῦν
483 1319 696 1378 ὁσημέραι
727 1319 919 1370 πολλοὺς
948 1320 1026 1374 μὲν
1059 1317 1208 1377 ἀνῄρει
1248 1324 1334 1363 τῶν
1373 1320 1485 1376 πρὸς
1522 1323 1575 1377 τῇ
1614 1318 1894 1362 Σκυθοπόλει

236 1384 470 1440 Ἰουδαίων,
502 1387 771 1443 τρεπόμενος
793 1388 839 1429 δὲ
871 1387 1083 1437 πολλάκις
1115 1385 1271 1438 αὐτοὺς
1302 1384 1503 1438 ἅπαντας
1532 1388 1666 1442 μόνος
1695 1378 1746 1445 ἧν
1778 1385 1892 1444 ῥοπὴ

128 1462 204 1500 471
240 1457 316 1512 τῆς
337 1455 639 1510 παρατάξεως.
691 1457 966 1509 περιέρχεται
997 1452 1038 1497 δ’
1076 1452 1206 1498 αὐτὸν
1238 1453 1340 1506 ἀξία
1371 1456 1503 1512 ποινὴ
1535 1457 1613 1498 τοῦ
1644 1456 1894 1510 συγγενικοῦ

241 1522 400 1578 φόνου·
434 1522 530 1566 ἐπεὶ
560 1522 641 1579 γὰρ
664 1522 946 1577 περισχόντες
977 1523 1019 1564 οἱ.
1040 1524 1374 1566 Σκυθοπολῖται
1403 1522 1704 1579 κατηκόντιζον
1736 1518 1895 1571 αὐτοὺς
1927 1529 1962 1562 20

1924 520 1942 551 <51

352 1711 886 1755 PAMLVRCLatIie-gesippus
903 1712 938 1745 11
958 1714 996 1745 18
1014 1722 1048 1755 p.
1069 1715 1141 1747 167.
1168 1713 1293 1747 Suidas
1318 1724 1346 1748 s.
1373 1710 1623 1756 δελεάζοντες.

356 1770 369 1800 1
394 1763 602 1810 Ἰουδαίους]
627 1767 733 1800 etiam
756 1767 905 1801 iudaeos
929 1767 997 1800 Lat
1087 1766 1337 1812 ἕπειράσαντο
1364 1768 1496 1802 PAML
1521 1772 1556 1802 et
1580 1778 1623 1801 ex
1647 1776 1739 1801 corr.
1765 1764 1818 1808 V3
1846 1764 1893 1798 cf.

240 1822 426 1857 Holwerda
449 1833 484 1866 p.
510 1824 551 1856 86
637 1822 731 1866 μετὰ
757 1826 845 1863 τῶν]
869 1825 994 1866 μετῶν
1018 1824 1050 1856 A
1143 1827 1161 1857 3
1186 1820 1404 1866 ὕποπτεύθη
1425 1823 1531 1857 PV¹C
1645 1822 1683 1858 δὲ
1707 1820 1801 1856 VRC

241 1882 260 1912 4
285 1879 388 1914 λείαν
405 1877 431 1911 C
501 1882 519 1911 5
545 1877 809 1924 ἐπιχειρίσωσι,
835 1879 849 1912 ί
873 1889 916 1912 ex
941 1876 961 1923 η’
979 1888 1067 1913 corr.
1087 1878 1113 1911 P
1183 1885 1263 1921 τοῖς
1281 1879 1448 1921 οἰκείοις]
1474 1885 1557 1914 τοῖσ
1584 1878 1743 1915 οἰκείοισ
1769 1875 1896 1913 αὐτῶν

240 1935 269 1968 L
300 1940 386 1969 τοῖσ
418 1934 571 1970 εἰκείοισ
603 1935 628 1968 C
766 1937 785 1967 6
811 1929 1118 1980 ἀπολογήσονται
1150 1934 1256 1969 PAC¹
1371 1931 1503 1971 αὖτοῖσ
1535 1935 1565 1968 L
1681 1937 1699 1967 7
1730 1930 1895 1980 βούλων-

240 2004 300 2025 ται
323 1990 408 2025 V¹R
498 1991 729 2032 ἀλλοεθνεῖς]
755 1988 973 2036 ἅλλογενεῖσ
996 1989 1056 2024 LC
1150 1993 1168 2024 S
1200 1990 1251 2031 εἰς
1275 1986 1319 2025 τὸ
1346 1989 1473 2032 ἄλσος]
1500 1991 1535 2024 in
1559 1990 1753 2036 proximae
1777 1989 1894 2024 locum

238 2046 385 2091 paludis
409 2046 479 2081 Lat
569 2049 589 2080 9
620 2043 697 2088 δύο]
722 2046 830 2090 incip.
856 2046 982 2080 suidas
1063 2049 1103 2080 10
1128 2042 1318 2092 ἠρέμησαν
1344 2046 1404 2079 PA
1518 2043 1638 2086 τῆν-
1654 2043 1896 2090 δελεάζοντες

240 2113 306 2137 om.
331 2102 401 2136 Lat
519 2105 552 2136 11
588 2103 694 2148 τρίτη
726 2102 763 2138 δὲ
786 2106 831 2136 tr.
856 2102 950 2136 VRC
1069 2099 1167 2144 τοὺς]
1194 2099 1263 2139 οῧσ
1287 2102 1380 2137 VRC
1494 2099 1735 2147 κοιμώμενον
1759 2105 1794 2136 et
1816 2114 1893 2137 κοι-

238 2156 408 2202 μώμενοι
434 2157 563 2192 Suidae
590 2158 691 2192 codd.
809 2160 849 2191 12
875 2153 1108 2203 ἀπέσφαξαν]
1134 2156 1286 2193 οὶνεῖλον
1309 2158 1413 2199 Suid,
1446 2158 1506 2202 qui
1530 2159 1587 2193 hie
1611 2159 1690 2193 finit
1713 2161 1892 2203 postrema

238 2216 406 2251 breuians
537 2216 574 2247 13
606 2213 656 2258 δὲ]
689 2226 727 2249 τε
752 2213 845 2248 VRC
953 2216 992 2247 14
1025 2214 1062 2250 δὲ
1086 2213 1211 2249 PVRC
1339 2215 1527 2258 Σίμωνος]
1553 2218 1621 2251 τοῦ
1647 2216 1825 2259 Σίμωνος
1851 2223 1894 2247 ex

779 2283 852 2305 καῖ’

241 2316 317 2350 cod.
335 2315 438 2350 Voss.
463 2315 610 2350 Hudsou
711 2317 750 2349 16
776 2312 961 2361 εχρήσατο
986 2314 1014 2349 Ρ
1106 2312 1264 2359 προϊὼν]
1289 2325 1332 2348 ex
1365 2315 1442 2350 cod.
1470 2315 1575 2350 Voss.
1602 2315 1754 2350 Dindorf
1778 2326 1894 2360 προσ-

239 2369 308 2407 ιὼν
332 2371 433 2406 codd.
459 2370 699 2415 προσιόντων
723 2381 767 2405 ex
789 2371 859 2405 Lat
883 2375 918 2405 et
942 2371 1019 2414 Heg
1041 2372 1178 2405 mauult
1202 2371 1376 2405 Destinon
1528 2369 1730 2417 προϊών-
1746 2373 1785 2405 18
1811 2368 1895 2406 Ἰου-

240 2429 367 2469 δαίων]
383 2427 514 2462 multos
536 2427 711 2472 siquidem
729 2427 937 2462 iudaeorum
961 2427 1220 2472 adpropiautes
1243 2426 1481 2472 scythopolim
1503 2427 1631 2462 cotidie
1657 2426 1896 2462 obtruncabat

239 2484 310 2518 Lat
332 2484 514 2529 plurimos
538 2495 586 2519 ea·
604 2484 746 2529 populo
772 2483 974 2518 aduentioz'o
999 2483 1208 2517 iudaeorum
1234 2482 1358 2516 crebro
1384 2484 1530 2517 incursu
1549 2484 1704 2529 peremit
1729 2482 1806 2526 Heg

244 2543 281 2573 17
307 2537 363 2576 ὡσ
379 2537 512 2586 ἡμέραι
530 2540 651 2573 PA¹C¹
723 2536 871 2585 οἷναιρεῖ
884 2539 946 2573 Ro
1015 2537 1257 2580 σκυθοπόλει,
1283 2552 1304 2573 σ
1322 2549 1364 2573 ex
1382 2552 1399 2574 ε
1418 2550 1508 2574 corr.
1527 2539 1554 2573 P
1629 2541 1668 2573 18
1695 2538 1733 2575 δὲ
1750 2549 1779 2573 s,
1798 2538 1826 2572 P

241 2591 387 2637 αὐτοὺς]
414 2592 532 2632 αὐτὸσ
558 2594 697 2633 αὐτοὺσ
722 2597 748 2631 C
839 2593 989 2632 πάντασ
1013 2594 1107 2630 VRO
1177 2591 1288 2640 ῥοπὴ]
1319 2593 1471 2640 ἐνρωπῆ
1496 2595 1521 2628 Ρ
1548 2594 1649 2641 ῥοπῆ
1673 2597 1737 2640 (-ἤι
1761 2594 1806 2635 V)
1831 2593 1896 2628 AV

240 2662 343 2685 mora
375 2658 409 2685 et
433 2656 643 2687 momentum
668 2651 736 2686 Lat
760 2652 876 2686 nodus
900 2662 943 2686 ac
966 2662 1068 2685 mora
1092 2651 1169 2694 Heg
1310 2653 1351 2685 19
1376 2650 1413 2687 δὲ
1436 2650 1561 2685 PVRC
1678 2653 1897 2697 συγγενοῦσ,
1957 2648 1959 2650 ’
2010 2689 2015 2696 ,

240 2706 264 2740 i.
282 2717 391 2750 marg.
410 2718 503 2742 man.
523 2710 541 2741 ἱ).
560 2711 779 2754 συγγενικοῦ
794 2708 828 2743 V
918 2704 1045 2749 αὐτὸν,
1062 2707 1128 2740 litt.
1149 2704 1194 2743 ὸν
1211 2707 1336 2741 charta
1352 2707 1571 2750 agglutinata
1588 2707 1753 2741 obtectae
1770 2706 1895 2741 deinde

242 2773 348 2797 manu
372 2764 568 2798 recentiore
595 2763 751 2798 refectae
776 2767 859 2798 sunt
875 2764 903 2798 P
996 2766 1037 2798 20
1061 2762 1141 2799 ἐπεὶ
1165 2759 1251 2810 γὰρ]
1276 2761 1398 2808 ἐπειδὴ
1418 2763 1549 2797 PAML
1575 2773 1657 2797 uam
1682 2772 1760 2797 cum
1778 2761 1849 2796 Lat

242 2817 515 2864 περισχόνΙτεσ
543 2820 622 2860 (litt.
650 2820 695 2856 όν
718 2819 884 2861 refectae)
909 2820 937 2853 P
1051 2819 1271 2856 σκυθολίται
1296 2819 1327 2852 V
1442 2815 1557 2856 αὐτοῦ
1581 2819 1611 2853 L
1709 2814 1892 2864 κατηκόν-

244 2877 345 2919 τιζον
361 2896 400 2900 -
416 2878 512 2917 241,1
540 2874 668 2918 ἄλσος]
693 2876 729 2910 in
748 2876 919 2922 paludem
943 2875 1161 2922 praecipites
1184 2879 1331 2920 afferent
1355 2875 1424 2908 Lat
