2039 3251
514 150 580 184 DE
606 149 763 185 BELLO
789 149 884 185 IUD.
911 148 960 184 lV
986 151 1162 184 456-463
1189 151 1276 190 (vm
1304 155 1333 185 2,
1362 152 1392 192 3)
1701 150 1783 186 407

351 261 362 276 t

126 261 300 319 ἄγονος,
340 282 364 321 η
403 266 640 320 Τιβεριέων
679 263 725 306 δὲ
763 264 936 319 γλυκεῖα
971 266 1043 307 καὶ
1074 263 1264 319 γόνιμος.
1317 262 1581 317 ἐκπυροῦται
1612 261 1658 304 δὲ
1690 257 1783 320 ὥρᾳ

127 334 287 387 θέρους
325 331 372 373 τὸ
415 332 571 374 πεδίον
601 333 674 374 καὶ
706 327 767 374 δι’
803 328 1050 389 ὑπερβολὴν
1083 328 1247 385 αὐχμοῦ
1279 333 1472 386 περιέχει
1505 327 1674 388 νοσώδη
1705 330 1782 373 τὸν

130 394 254 454 ἆέρα·
289 401 380 441 πᾶν
399 398 480 455 γὰρ
504 397 688 453 ἄνυδρον
710 398 824 456 πλην
854 395 1179 455 τοῦἸορδάνου,
1212 397 1330 452 παρὸ
1363 399 1434 440 καὶ
1466 396 1566 447 τους
1596 398 1676 452 μὲν
1707 397 1783 442 ἐπὶ

128 476 221 517 ταῖς
260 464 420 520 ι’)’χθαις
458 469 725 524 φοινικῶνας
764 462 1109 522 εὗθαλεστέρους
1138 468 1211 508 καὶ
1244 467 1640 522 πολυφορωτέρους
1669 463 1782 509 εἶναι

78 545 97 577 5
130 537 403 591 συμβέβηκεν,
436 531 564 592 ἧττον
597 535 643 577 δὲ
672 534 774 585 τοὺς
804 534 957 590 πόρρω
986 536 1343 589 κεχωρισμένους.

58 882 94 915 10

57 1220 93 1253 15

52 1559 91 1593 20

238 607 276 646 3.
313 601 446 658 Παρὰ
476 604 627 656 μέντοι
657 601 733 660 τὴν
759 599 959 656 Ἱεριχοῦν
991 600 1084 643 ἐστι
1115 600 1231 657 πηγὴ
1264 600 1458 655 δαψιλής
1488 617 1533 642 τε
1564 602 1637 643 καὶ
1668 601 1782 657 πρὸς

128 665 304 723 ἀρδείας
343 669 629 726 λιπαρωτάτη
673 669 795 725 παρὰ
833 669 911 724 τὴν
950 667 1148 711 παλαιὰν
1189 664 1491 722 ἀναβλύζουσα
1530 668 1683 721 πόλιν,
1730 669 1781 725 ἢν

121 732 281 794 Ἰησοῦς
320 735 341 780 ὁ
375 740 502 795 Ναυῆ
541 746 650 787 παῖς
688 736 929 794 στρατηγὸς
955 734 1163 791 Ἑβραίων
1194 735 1373 792 πρώτην
1405 734 1492 777 εἷλε
1521 736 1597 790 γῆς
1628 739 1783 777 Χανα-

127 809 259 848 ναίων
302 806 568 863 δορίκτητον.
626 805 787 861 ταύτην
828 803 906 862 τὴν
945 803 1086 861 πηγὴν
1126 803 1253 859 λόγος
1291 802 1375 856 ἔχει
1417 798 1512 844 κατ’
1557 798 1691 857 ἀρχὰς
1731 798 1779 845 οὗ

123 872 255 925 μόνον
291 876 368 929 γῆς
406 875 479 916 καὶ
519 873 707 927 δένδρων
737 870 934 927 καρποὺς
964 867 1281 925 ἀπαμβλύνειν,
1322 866 1434 912 ἀλλὰ
1464 871 1536 912 καὶ
1569 873 1782 925 γυναικῶν

124 940 264 994 γονάς,
295 941 493 983 καθόλου
513 958 561 983 τε
581 942 720 982 πᾶσιν
743 937 853 981 εἶναι
887 934 1055 995 νοσώδη
1086 955 1134 980 τε
1163 940 1237 981 καὶ
1270 937 1533 995 φθαρτικήν,
1567 935 1782 992 ἐξημερω-

123 1010 263 1064 θῆναι
282 1008 420 1051 δὲκαὶ
441 1012 653 1064 γενέσθαι
681 1002 937 1049 τούναντίον
968 1004 1269 1063 ὑγιεινοτάτην
1298 1022 1346 1048 τε
1375 1007 1448 1048 καὶ
1479 1003 1782 1060 γονιμωτάτην

123 1072 210 1118 ὕπὸ
246 1070 492 1118 Ἐλισσαίου
531 1078 610 1118 τοῦ
647 1074 902 1132 προφήτου·
948 1073 1165 1130 γνώριμος
1205 1070 1248 1115 δ’
1293 1064 1346 1129 ἦν
1386 1069 1513 1122 οὗτος
1544 1068 1672 1114 Ἠλία
1709 1072 1781 1113 καὶ

124 1143 344 1196 διάδοχος·
386 1143 434 1194 ὃς
464 1142 754 1193 ἐπιξενωθεὶς
783 1151 876 1192 τοῖς
905 1140 1016 1184 κατὰ
1045 1141 1122 1199 τὴν
1147 1139 1370 1196 Ἱεριχοῦν,
1410 1138 1624 1196 περισσὸν
1655 1138 1706 1196 δή
1738 1156 1783 1181 τι

124 1213 574 1268 φιλοφρονησαμένων
614 1206 746 1253 αὐτὸν
776 1212 863 1252 τῶν
895 1206 1150 1265 ἀνθρώπιον
1183 1205 1340 1259 αὐτούς
1370 1225 1417 1251 τε
1448 1204 1677 1262 ἀμείβεται
1707 1208 1781 1248 καὶ

122 1277 200 1335 τὴν
217 1279 361 1334 χώραν
384 1278 550 1334 αἰωνίῳ
568 1277 729 1333 χάριτι.
781 1277 1020 1333 προελθών
1043 1276 1125 1333 γὰρ
1158 1276 1232 1320 ἐπὶ
1263 1276 1338 1332 τὴν
1369 1275 1511 1334 πηγὴν
1542 1277 1615 1318 καὶ
1645 1291 1779 1317 κατα-

121 1345 269 1400 βαλών
314 1346 374 1396 εἷς
417 1345 465 1388 τὸ
514 1346 651 1402 ῥεῦμα
690 1346 855 1401 πλῆρες
894 1343 1012 1388 ἁλῶν
1053 1341 1224 1401 ἀγγεῖον
1263 1344 1475 1399 κεράμου,
1522 1343 1679 1387 ἔπειτα
1718 1341 1782 1392 εἷς

123 1409 308 1467 οὐρανὸν
344 1411 489 1463 δεξιὰν
521 1409 751 1463 ἀνατείνας
782 1414 956 1456 δικαίαν
985 1409 1097 1456 κάπὶ
1125 1416 1202 1469 γῆς
1234 1411 1431 1461 σπονδὰς
1459 1412 1782 1467 μειλικτηρίους

120 1481 336 1536 χεόμενος,
366 1479 444 1539 τὴν
463 1481 542 1535 μὲν
569 1477 716 1536 ᾐτεῖτο
747 1480 941 1535 μαλάξαι
970 1479 1019 1524 τὸ
1054 1481 1191 1538 ῥεῦμα
1220 1482 1292 1523 καὶ
1322 1481 1583 1536 γλυκυτέρας
1613 1479 1781 1535 φλέβας

122 1544 305 1601 ἀνοῖξαι,
335 1547 412 1590 τὸν
443 1548 489 1590 δὲ
520 1547 847 1604 ἐγκεράσασθαι
876 1550 939 1602 τῷ
971 1547 1154 1605 ῥεύματι
1182 1550 1502 1604 γονιμωτέρους
1535 1544 1613 1601 [τε]
1647 1541 1779 1601 ἀέρας

123 1617 275 1659 δοῦναί
308 1632 356 1658 τε
395 1611 485 1670 ἅμα
521 1618 594 1659 καὶ
633 1617 815 1671 καρπῶν
854 1611 1067 1673 εὐθηνίαν
1104 1624 1199 1665 τοῖς
1233 1614 1489 1669 ἐπιχωρίοις
1518 1614 1591 1656 καὶ
1620 1615 1782 1655 τέκνων

231 1830 770 1875 PAMLVRCLatHegesippus
794 1830 844 1865 IV
872 1834 909 1864 17
934 1841 970 1874 p.
997 1832 1075 1864 250.

236 1891 252 1923 1
285 1888 505 1934 τιβεριαίων
528 1887 658 1922 PAVR
689 1885 926 1934 τιβερειαίων
949 1886 979 1920 L
1095 1886 1134 1922 δὲ
1158 1886 1395 1933 τιβερειαίων
1418 1889 1463 1920 tr.
1489 1885 1519 1919 L
1635 1888 1654 1919 2
1679 1897 1781 1931 περι-

121 1947 219 1996 έχειν
247 1944 281 1979 V
372 1946 390 1977 3
424 1939 542 1990 παρὸ]
573 1945 685 1989 παρῶ
708 1943 739 1976 L
832 1945 853 1977 4
884 1945 948 1978 καὶ
980 1943 1323 1990 πολυφορωτέρους
1353 1952 1421 1976 om.
1446 1941 1510 1975 PA
1603 1944 1621 1974 5
1652 1934 1778 1985 ἧττον]

119 1999 141 2043 ἠ
166 2000 199 2034 R
313 2002 333 2034 6
358 1999 570 2046 Ξεριχοῦντα
595 1999 662 2034 ΜΟ
686 1999 803 2045 ipsam
827 2019 870 2024 —
895 1998 1068 2033 lzierz‘cum
1092 2000 1164 2034 Lat
1188 1999 1348 2033 lzierz'clzo
1381 2002 1484 2039 (acc.)
1509 1997 1586 2040 Heg
1701 1993 1779 2031 ἔστι

121 2058 184 2098 (-ιν
207 2056 250 2099 L)
275 2056 378 2092 codd.
472 2056 628 2102 δαψιλέσ
655 2056 681 2091 C
775 2058 794 2089 S
826 2052 917 2100 ναυὴ
943 2055 1134 2090 PALVRC
1228 2059 1247 2090 9
1282 2051 1511 2101 δορὺκτητον
1535 2051 1688 2087 PAMR²

120 2159 171 2181 π·
187 2145 280 2193 ηγῆν
309 2147 336 2182 C
443 2150 482 2181 10
514 2124 718 2194 οῗμσῖἒλύνειν
741 2145 769 2179 P
803 2143 1005 2192 ἀμβλύνειν
1028 2145 1061 2180 V
1155 2148 1193 2179 11
1227 2157 1268 2180 τε
1299 2146 1426 2185 πᾶσιν]
1458 2143 1495 2179 δὲ
1520 2145 1635 2178 πᾶσιν
1658 2141 1686 2176 Ρ

123 2204 164 2236 12
189 2203 239 2245 δὲ]
264 2216 306 2240 τε
321 2203 522 2239 PAMVRC
604 2200 872 2250 ὑγιεινοτάτην,
896 2214 940 2237 νο
966 2211 1009 2236 ex
1031 2215 1082 2246 μο
1109 2211 1200 2236 corr.
1225 2203 1250 2234 A
1337 2213 1379 2236 τε
1403 2210 1471 2234 om.
1496 2197 1695 2233 PAMVRC

121 2291 400 2340 γονιμωτάτην,
431 2293 500 2328 litt.
532 2307 564 2328 νι
596 2304 622 2328 s.
648 2294 681 2326 A
819 2295 860 2328 13
893 2293 1086 2328 ελισσαιόυ
1111 2293 1137 2326 Ρ
1164 2267 1332 2329 {inguim
1355 2289 1388 2324 A
1423 2288 1591 2325 ἐλισαίου
1613 2288 1653 2322 Μ
1686 2286 1779 2324 ἑλισ-

123 2350 234 2385 σαίου
252 2349 283 2384 L
307 2347 458 2386 ἐλισσαὲ
481 2349 548 2384 VR
572 2349 705 2384 elisaeo
731 2352 794 2384 aut
817 2348 974 2383 helisaeo
999 2348 1069 2382 Lat
1093 2348 1246 2383 heliseus
1268 2348 1346 2391 Heg
1437 2348 1517 2386 τοῦ]
1543 2341 1652 2380 τινὸσ
1675 2344 1779 2379 LLat

121 2403 205 2440 fort.
229 2409 325 2440 recte
415 2402 619 2452 γνώρημοσ
638 2405 664 2439 C
757 2405 795 2441 δὲ
819 2404 920 2439 AVR
1010 2404 1097 2450 ἡλία
1122 2405 1212 2440 PVC
1238 2405 1322 2450 ηλιά
1348 2403 1377 2437 L
1403 2402 1517 2437 heliae
1540 2400 1688 2444 LatHeg

126 2463 167 2494 14
196 2458 262 2507 τὴν
286 2472 354 2497 om.
379 2462 409 2496 L
480 2460 693 2507 ἱεριχοῦντα
718 2461 819 2495 MVC
843 2460 1079 2496 hierichuntis
1103 2466 1208 2504 (gen.)
1232 2461 1302 2494 Lat
1325 2457 1483 2494 hiericho
1508 2460 1612 2499 (acc.)
1632 2456 1710 2501 Heg

123 2519 172 2557 τι]
194 2530 277 2554 τινα
301 2518 330 2552 L
426 2521 466 2553 15
492 2515 626 2560 αὐτὸν,
650 2517 718 2552 litt.
743 2513 812 2553 τὸν
835 2528 864 2552 S.
890 2518 938 2560 A,
966 2517 1035 2552 litt.
1063 2515 1108 2552 ὸν
1131 2519 1153 2552 i.
1179 2527 1249 2551 ras.
1274 2516 1313 2550 M
1338 2511 1462 2551 αὐτῶν
1485 2513 1563 2548 VC¹
1659 2516 1699 2548 16
1725 2512 1779 2549 αἰ-

124 2571 218 2608 ωνία
241 2573 272 2608 L
340 2571 476 2620 χάριτι]
499 2570 626 2620 χάριτι
650 2570 867 2620 ἐδωρήσατο
885 2573 1040 2609 Dindorf
1061 2584 1105 2608 ex
1124 2574 1202 2609 cod.
1221 2573 1262 2607 L.
1280 2573 1321 2606 B.
1392 2566 1620 2618 προσελθὼν
1636 2569 1730 2604 PAL

123 2625 209 2675 γὰρ]
233 2640 302 2674 que
316 2629 387 2664 Lat
480 2633 518 2664 17
544 2632 736 2675 κεραμοῦν
755 2629 876 2664 Naber
969 2632 1008 2664 18
1032 2626 1102 2665 τὸν
1120 2624 1286 2675 οὐρανὸν
1302 2628 1341 2662 Μ
1432 2622 1638 2663 άνατείνασ
1655 2628 1779 2669 δεξιάν

125 2685 170 2718 tr·
195 2684 221 2718 C
357 2685 450 2722 κάπὶ
480 2689 558 2732 γῆς]
589 2688 654 2721 καὶ
684 2684 745 2721 ἐπὶ
777 2688 848 2732 γῆσ
870 2686 893 2720 i.
918 2695 1028 2730 marg.
1053 2687 1086 2720 A
1109 2688 1172 2721 καὶ
1197 2687 1319 2731 πηγῆσ
1342 2683 1435 2717 PAL
1460 2685 1524 2718 καὶ
1548 2684 1593 2728 τῆ
1616 2684 1713 2728 πηγῆ
1737 2681 1777 2716 Μ

124 2740 188 2773 καὶ
217 2743 314 2786 πηγῇ
342 2741 438 2776 VRC
466 2743 637 2788 fontique
659 2742 730 2776 Lat
824 2745 863 2777 19
893 2739 1082 2788 χεόμενον
1105 2742 1184 2776 PA¹
1213 2743 1427 2786 immerqens
1450 2739 1521 2773 Lat
1612 2736 1680 2784 τὴν
1708 2739 1778 2783 μὲν

125 2788 250 2837 ἦτεῖτο
281 2795 319 2829 in
348 2798 501 2832 confinio
531 2799 740 2842 paginarum
762 2798 870 2833 iterat
893 2799 920 2832 C
1013 2798 1167 2845 φλέβας]
1191 2797 1337 2845 βλέβασ
1359 2796 1409 2831 R¹
1502 2798 1543 2829 20
1568 2791 1649 2836 τὸν]
1673 2794 1777 2830 deum

125 2847 195 2882 Lat
329 2847 364 2887 δ’
384 2853 414 2886 L
551 2851 706 2900 γεύματι
730 2854 760 2887 L
897 2858 951 2896 τε]
977 2865 1044 2889 om.
1071 2855 1206 2889 MVRC
1231 2851 1319 2895 τοὺς
1342 2852 1517 2887 Destissffll
1656 2853 1694 2884 21
1722 2852 1776 2891 τε]

127 2917 162 2939 τι
185 2904 215 2938 L
326 2912 418 2949 τοῖς]
442 2908 573 2944 LGLat
596 2915 682 2945 τοῖσ
705 2904 739 2944 δ’
763 2909 814 2951 (δὲ
838 2908 917 2952 VR)
941 2910 1111 2946 PAMVR

1814 267 1895 305 457

1815 401 1895 441 458

1813 606 1895 646 459

1811 807 1892 847 460

1813 1145 1891 1185 461

1811 1281 1892 1321 462

1811 1551 1892 1591 463
