2018 3236
240 155 320 192 358
676 153 740 207 DE
766 151 924 186 BELLO
949 151 1046 186 IUD.
1072 151 1121 186 lv
1146 154 1277 186 84—92
1303 154 1339 194 (ιι
1370 157 1395 182 1.
1421 156 1451 193 ⁶2)

157 270 208 310 85
238 283 333 318 τος,
375 262 407 320 ᾦ
448 280 563 313 τινες
596 266 668 306 καὶ
698 265 776 306 τοῦ
806 264 1035 306 πολιτικοῦ
1067 263 1337 306 συνενόσουν.
1389 263 1509 319 ἐνῆγε
1540 264 1586 306 δὲ
1615 264 1794 314 τούτους
1825 266 1886 316 εἷς

237 334 313 391 τὴν
336 329 584 375 ἀπόστασιν
604 332 677 372 καὶ
700 330 945 409 συνεκρότει
965 333 1114 387 Ληίόυ
1136 330 1254 380 τινὸς
1283 330 1379 380 υἱὸς
1403 326 1616 388 Ἰωάννης,
1646 331 1749 388 γόης
1780 327 1886 388 ἀνὴρ

239 402 307 442 καὶ
340 397 662 446 ποικιλώτατος
690 396 738 439 τὸ
771 396 905 453 ἦθος,
946 397 1180 453 πρόχειρος
1208 398 1286 452 μὲν
1318 397 1500 441 ἐλπίσαι
1529 398 1709 454 μεγάλα,
1747 398 1887 448 δεινὸς

241 468 287 509 δε
307 469 393 508 τῶν
427 464 730 507 ἐλπισθέντων
759 481 816 507 πε
804 468 1076 520 ριγενέσθαι
1107 470 1243 508 παντί
1273 482 1320 507 τε
1351 459 1410 507 ῶν
1442 465 1572 522 δῆλος
1603 461 1781 521 ἀγαπᾶν
1811 465 1887 509 τὸν

157 539 208 578 86
240 534 321 575 πό)
319 550 433 586 εμον
456 532 518 582 εἷς
540 532 797 582 δυναστείας
819 532 1040 575 ἐπίθεσιν.
1090 530 1177 575 ὑπο
1201 532 1342 588 τούτω
1367 532 1415 575 τὸ
1450 534 1692 583 στασιῶδες
1723 532 1766 576 ἐν
1796 542 1890 583 τοῖς

239 599 472 653 ,Γισχάλοις
494 598 706 651 ἐτέτακτο,
740 595 799 642 δι’
832 599 906 649 οὓς
935 598 1061 652 τυχὸν
1091 603 1163 643 καὶ
1195 575 1576 654 πρεσβευσάμενον
1607 602 1711 654 περὶ
1741 617 1888 654 παρα-

240 667 403 716 δόσεως
440 665 489 708 τὸ
523 666 756 724 δημοτικὸν
788 665 830 709 ἐν
861 668 1057 720 πολέμου
1087 671 1223 724 μοίρᾳ
1252 668 1329 722 τὴν
1356 664 1575 721 Ῥωμαίων
1606 667 1768 724 ἔφοδον
1800 667 1889 717 ἒξε-

156 742 206 782 87
241 741 399 792 δέχετο.
471 731 809 784 Οὐεσπασιανὸς
849 734 893 776 δὲ
934 733 1009 776 ἐπὶ
1048 734 1126 787 μὲν
1164 733 1344 784 τούτους
1387 739 1518 777 Τίτον
1557 733 1773 788 ἐκπέμπει
1813 733 1889 776 σὺν

236 809 396 860 χιλίοις
434 805 666 856 ἱππεῦσιν,
705 801 753 844 τὸ
797 802 974 843 δέκατον
1013 802 1059 843 δὲ
1097 801 1242 856 τάγμα
1283 797 1465 855 ἀπαίρει
1503 801 1565 852 εἷς
1595 801 1891 844 Σκυθόπολιν.

157 875 208 916 88
241 871 372 924 αὐτὸς
404 873 449 915 δὲ
481 871 557 914 σὺν
589 871 688 912 δυσὶ
717 878 810 919 τοῖς
842 871 1017 918 λοιποῖς
1048 868 1299 925 ἐπανῆλθεν
1331 868 1392 918 εἷς
1424 868 1708 923 Καισάρειαν,
1739 871 1817 911 τοῦ
1845 885 1893 911 τε

242 943 442 994 συνεχοῦς
479 938 674 993 καμάτου
719 935 867 985 διδοὺς
907 932 1157 978 ἀνάπαυσιν
1189 931 1337 984 αὐτοῖς
1365 937 1435 977 καὶ
1470 932 1528 978 δι’
1566 934 1776 993 εὐθηνίαν
1805 938 1890 978 τῶν

243 1009 416 1051 πόλεων
461 1006 515 1049 τά
559 1021 606 1047 τε
651 1004 833 1058 σώματα
876 1005 950 1046 καὶ
993 1002 1041 1045 τὸ
1090 1002 1326 1057 πρόθυμον
1370 1000 1652 1058 ὑποθρέψειν
1693 1003 1891 1057 οἰόμενος

160 1078 211 1118 89
243 1077 318 1119 ἐπὶ
339 1074 440 1125 τοὺς
463 1075 702 1128 μέλλοντας
730 1067 922 1126 ἀγῶνας·
956 1069 1004 1112 οὐ
1035 1069 1116 1125 γὰρ
1147 1066 1294 1125 ὀλίγον
1327 1067 1443 1125 αὐτῷ
1475 1070 1612 1113 πόνον
1643 1069 1757 1125 ἑώρα
1788 1071 1891 1125 περὶ

240 1153 333 1193 τοῖς
367 1139 683 1196 Ἱεροσολύμοις
730 1137 1011 1192 λειπόμενον,
1059 1133 1134 1179 ὅτε
1173 1136 1223 1194 δη
1262 1139 1490 1191 βασιλείου
1529 1138 1607 1191 μὲν
1648 1137 1777 1194 οὔσης
1815 1139 1891 1194 τῆς

242 1211 415 1260 πόλεως
457 1209 530 1251 καὶ
575 1205 900 1262 προανεχούσης
944 1204 1047 1247 ὅλου
1089 1207 1167 1247 τοῦ
1211 1204 1389 1254 ἔθνους
1437 1204 1705 1258 συρρεόντων
1745 1205 1790 1247 δε
1831 1204 1893 1254 εἰς

160 1281 212 1320 90
245 1274 377 1333 αῦτην
416 1279 503 1319 τῶν
539 1292 584 1317 εκ
615 1276 692 1316 τοῦ
723 1275 919 1326 πολέμου
951 1272 1363 1326 διαδιδρασκόντων.
1413 1272 1461 1315 τό
1493 1289 1540 1327 γε
1569 1290 1653 1327 μην
1686 1287 1816 1329 φυσει
1846 1288 1893 1314 τε

242 1342 396 1399 οχυρὸν
429 1339 559 1398 αυτῆς
588 1343 660 1384 καὶ
693 1340 766 1383 δια
795 1339 1060 1395 κατασκευὴν
1090 1342 1241 1392 τειχῶν
1272 1335 1462 1394 άγωνίαν
1495 1357 1543 1381 ου
1574 1339 1652 1396 τὴν
1681 1341 1892 1392 τυχοῦσαν

244 1411 454 1455 ενεποίει·
494 1410 548 1452 τὰ
589 1410 635 1451 δὲ
672 1408 931 1464 φρονήματα
960 1410 1043 1450 τῶν
1076 1404 1243 1462 ἀνδρῶν
1273 1408 1345 1449 καὶ
1376 1405 1455 1456 τὰς
1484 1406 1648 1460 τόλμας
1680 1406 1892 1459 δυσμετα-

159 1483 209 1522 91
239 1483 484 1534 χειρίστους
513 1495 584 1520 και
617 1478 714 1529 δίχα
744 1478 898 1553 τειχῶν
929 1473 1249 1529 ὑπελάμβανεν.
1301 1472 1368 1517 διὸ
1404 1473 1452 1528 δὴ
1486 1473 1589 1523 τοῦς
1620 1473 1893 1526 στρατιώτας

245 1547 453 1600 καθάπερ
486 1542 686 1601 αθλητὰς
716 1559 929 1598 προησκει
958 1545 1044 1584 τῶν
1077 1537 1269 1597 αγιόνων.

160 1616 212 1658 92
357 1617 395 1655 2.
440 1616 556 1667 Τίτω
596 1612 642 1653 δὲ
680 1625 1099 1665 προσιππασαμενω
1140 1618 1233 1658 τοῖς
1266 1608 1498 1661 Ιισχάλοις
1528 1623 1706 1656 ευπετες
1735 1624 1812 1661 μεν
1843 1597 1893 1661 ἦν

247 1680 293 1731 ἐξ
321 1680 483 1736 εφόδου
514 1695 591 1735 την
622 1677 754 1720 πόλιν
786 1677 920 1728 ελεῐν,
962 1675 1087 1726 εἰδὼς
1119 1676 1185 1727 δε,
1219 1675 1256 1718 εἰ
1285 1680 1364 1731 βία
1395 1676 1602 1732 ληφθείη,
1637 1675 1894 1730 διαφθαρη-

247 1747 429 1802 σόμενον
449 1744 536 1788 ὑπὸ
559 1748 646 1787 τῶν
668 1712 946 1799 στρατιωτῶν
970 1740 1124 1799 ἀνέδην
1154 1742 1202 1784 τὸ
1236 1744 1426 1798 πλῆθος,
1459 1733 1509 1797 ἦν
1542 1738 1582 1783 δ)
1620 1739 1737 1797 αὐτῷ
1767 1741 1895 1796 κόρος

247 1811 326 1870 ἤδη
359 1813 508 1870 φόνων
537 1815 610 1855 καὶ
641 1808 700 1854 δι)
738 1812 882 1853 οἴκτου
913 1809 961 1853 τὸ
1004 1811 1137 1851 πλέον
1170 1806 1355 1864 ἀκρίτως
1391 1810 1771 1861 συναπολλύμενον
1802 1817 1895 1857 τοῖς

359 2000 882 2044 PAMLVRCLatHegesippus
906 2000 954 2034 IV
972 2002 992 2033 4
1016 2011 1050 2043 p.
1078 2001 1152 2033 227.

363 2063 377 2092 1
404 2055 557 2094 τούτοισ
581 2057 625 2090 L¹
721 2059 739 2090 2
764 2052 1005 2092 α’ποστασίαν
1030 2055 1055 2088 C
1171 2053 1299 2100 Ληΐου]
1325 2058 1413 2100 ληου
1438 2054 1482 2086 L¹
1508 2053 1616 2098 ληουῖ·
1634 2053 1700 2087 VR
1724 2051 1847 2088 λευΐου
1871 2051 1897 2085 C

248 2114 318 2149 leui
353 2114 422 2148 Lat
457 2113 545 2148 leuis
579 2113 656 2156 Heg
808 2115 826 2145 3
863 2109 1133 2147 ποικιλότατοσ
1169 2121 1212 2144 ex
1248 2121 1337 2144 corr.
1374 2109 1407 2142 A
1558 2111 1689 2145 ὁεινῶσ
1722 2110 1748 2143 C

249 2174 269 2204 4
293 2171 418 2211 παντί]
444 2167 564 2215 πάντη
588 2168 634 2202 L¹
727 2164 792 2209 ῶν]
819 2161 872 2203 ὦν
897 2168 922 2202 C
1015 2171 1033 2201 5
1058 2164 1243 2203 ὑπόθεσιν
1260 2166 1326 2201 VR
1418 2169 1509 2208 τοῖς]
1535 2175 1602 2199 om.
1627 2165 1657 2198 L
1682 2170 1768 2200 ταῖσ
1794 2163 1819 2197 C

250 2229 269 2261 6
294 2225 420 2271 τυχὸν]
446 2222 569 2270 τυχὼν
593 2235 635 2258 ex
660 2235 749 2259 corr.
778 2224 803 2258 C
828 2222 925 2268 τάχα
952 2221 998 2259 ὀίν
1022 2223 1051 2257 L
1077 2227 1184 2266 reete,
1209 2222 1278 2256 nisi
1301 2222 1418 2266 potius
1445 2232 1526 2255 mox
1550 2217 1622 2256 κόἰν
1638 2230 1701 2264 pro
1726 2221 1790 2255 καὶ
1814 2218 1898 2253 scri-

246 2282 400 2317 bendum
426 2285 481 2315 est
571 2277 908 2327 πρεσβευσάμενοσ
932 2280 964 2314 V
1057 2283 1073 2312 7
1101 2276 1251 2323 ἔφοδον]
1277 2276 1429 2322 δύναμιν
1452 2277 1483 2310 L
1508 2286 1739 2322 conqressum
1763 2275 1833 2309 Lat

249 2342 268 2373 8
292 2335 446 2374 τούτοισ
462 2337 544 2372 AV2
660 2340 678 2371 9
705 2334 971 2373 εισκυθόπολιν
988 2335 1020 2368 R
1113 2338 1149 2369 11
1177 2349 1240 2370 και
1265 2329 1312 2369 δι’
1336 2353 1381 2359 -
1408 2336 1443 2367 13
1471 2329 1631 2378 άγῶνας]
1657 2336 1692 2366 et
1714 2331 1900 2365 ciuitatum

249 2395 362 2440 copiis
397 2404 518 2428 eorum
555 2403 712 2438 corpom
749 2393 901 2438 itemque
936 2392 1074 2426 animos
1109 2390 1159 2424 ad
1189 2391 1320 2434 sutum
1356 2390 1552 2424 certamina
1583 2388 1796 2423 existimans
1823 2396 1900 2420 esse

250 2449 473 2494 refouendos
511 2448 582 2483 Lat
749 2451 787 2482 12
828 2443 992 2488 πόλεων]
1033 2445 1224 2490 ποὶεμίων
1263 2445 1321 2479 PL
1362 2444 1580 2491 ἐπιτηδείων
1619 2446 1652 2477 Α
1809 2454 1898 2478 υπο-

251 2503 412 2551 θρύψειν
428 2505 455 2539 Ρ
544 2508 583 2539 13
609 2503 729 2541 ἑαυτῶ
750 2504 815 2538 LR
840 2500 941 2539 abta]
965 2503 991 2537 O
1080 2506 1118 2536 14
1143 2499 1382 2545 λειπόμενον]
1408 2498 1642 2545 πειθόμενοσ
1667 2499 1692 2533 C
1780 2501 1820 2532 16
1845 2500 1897 2538 τε]

251 2562 402 2603 Bekker,
427 2572 493 2596 om.
521 2561 621 2596 codd.
719 2564 755 2594 17
782 2556 1041 2604 κατασσκευὴν
1064 2559 1113 2592 A¹
1204 2555 1374 2602 ἀγωνίαν
1398 2558 1419 2590 i.
1445 2566 1515 2590 ras.
1542 2560 1560 2589 3
1585 2556 1652 2590 litt.
1678 2559 1780 2597 (eras.
1806 2550 1827 2589 ὗ
1845 2572 1853 2578 ·
1873 2557 1898 2595 ·)

251 2627 295 2650 m.
322 2619 341 2650 2
366 2617 395 2650 L
531 2612 575 2652 οὐ
600 2637 643 2641 -
670 2619 709 2650 19
735 2619 870 2661 τειχῶν
893 2616 916 2650 i.
947 2625 1057 2657 marg.
1087 2613 1256 2648 inferiore
1288 2613 1404 2656 suppl.
1429 2622 1475 2646 m.
1502 2614 1521 2645 2
1546 2611 1594 2650 L;
1626 2611 1694 2644 litt.
1721 2612 1898 2653 δυσμετα-

250 2673 463 2717 χειρίστους
487 2693 528 2696 -
554 2675 689 2717 τειχῶν
713 2672 873 2706 abscisae
896 2672 927 2705 L
1068 2673 1107 2704 19
1131 2667 1389 2715 ὑπελάμβανε,
1421 2664 1490 2703 ὗπε
1520 2666 1638 2709 suppl.
1663 2676 1707 2699 m.
1734 2668 1753 2698 2
1777 2664 1807 2698 L

254 2730 295 2761 20
321 2723 508 2771 ἄθλητὰσ,
541 2731 590 2763 θλ
622 2729 643 2762 i.
668 2738 756 2769 ras.‚
786 2737 876 2762 eras.
903 2727 975 2761 uid„
1002 2740 1047 2762 σκ
1070 2728 1102 2759 A
1127 2720 1295 2771 άσκητὰσ
1319 2725 1349 2758 L
1457 2726 1496 2757 21
1523 2722 1545 2756 i.
1571 2731 1679 2764 marg.
1705 2718 1740 2756 θ’
1767 2720 1793 2754 C

253 2782 579 2827 προιππασαμὲνω
603 2783 636 2817 R
660 2782 1046 2829 προσιππευσαμένω,
1074 2796 1097 2817 α
1123 2792 1166 2816 ex
1189 2791 1280 2816 corr.
1306 2781 1337 2815 V
1475 2782 1516 2813 22
1541 2779 1590 2819 δὲ]
1616 2788 1683 2812 om.
1709 2776 1755 2810 L¹
1781 2776 1818 2812 δὲ
1843 2772 1900 2811 ὠσ

253 2837 387 2872 MVRC
514 2842 555 2872 23
580 2835 732 2884 άναίδην
757 2838 887 2873 L1V¹R
1012 2838 1050 2874 δὲ
1073 2837 1167 2872 VRO
1293 2840 1335 2870 24
1359 2832 1482 2882 φόνου
1505 2835 1534 2868 L
1559 2831 1720 2879 φ-όνων
1744 2832 1776 2866 R

259 2891 389 2930 οἶκτον
414 2894 440 2928 C
534 2895 866 2939 συναπολούμενον
889 2894 944 2928 ed.
970 2904 1024 2938 pr.

1923 877 1958 908 10

1923 1548 1961 1580 20
