<?xml version="1.0" encoding="UTF-8"?>
<!DOCTYPE html PUBLIC "-//W3C//DTD XHTML 1.0 Transitional//EN"
    "http://www.w3.org/TR/xhtml1/DTD/xhtml1-transitional.dtd">
<html xmlns="http://www.w3.org/1999/xhtml" xml:lang="en" lang="en">
 <head>
  <title>
</title>
<meta http-equiv="Content-Type" content="text/html;charset=utf-8" />
  <meta name='ocr-system' content='tesseract 3.04.00' />
  <meta name='ocr-capabilities' content='ocr_page ocr_carea ocr_par ocr_line ocrx_word'/>
</head>
<body>
  <div class='ocr_page' id='page_1' title='image "./operajosephus06joseuoft_0507.png"; bbox 0 0 2039 3251; ppageno 0'>
   <div class='ocr_carea' id='block_1_1' title="bbox 65 551 84 582">
    <p class='ocr_par' dir='ltr' id='par_1_1' title="bbox 65 551 84 582">
     <span class='ocr_line' id='line_1_1' title="bbox 65 551 84 582; baseline 0 0"><span class='ocrx_word' id='word_1_1' title='bbox 65 551 84 582; x_wconf 96' lang='lat'>5</span> 
     </span>
    </p>
   </div>
   <div class='ocr_carea' id='block_1_2' title="bbox 47 898 85 931">
    <p class='ocr_par' dir='ltr' id='par_1_2' title="bbox 47 898 85 931">
     <span class='ocr_line' id='line_1_2' title="bbox 47 898 85 931; baseline 0 0"><span class='ocrx_word' id='word_1_2' title='bbox 47 898 85 931; x_wconf 88' lang='grc'><em>10</em></span> 
     </span>
    </p>
   </div>
   <div class='ocr_carea' id='block_1_3' title="bbox 48 1238 84 1270">
    <p class='ocr_par' dir='ltr' id='par_1_3' title="bbox 48 1238 84 1270">
     <span class='ocr_line' id='line_1_3' title="bbox 48 1238 84 1270; baseline 0 0"><span class='ocrx_word' id='word_1_3' title='bbox 48 1238 84 1270; x_wconf 85' lang='grc'><em>15</em></span> 
     </span>
    </p>
   </div>
   <div class='ocr_carea' id='block_1_4' title="bbox 44 1575 81 1609">
    <p class='ocr_par' dir='ltr' id='par_1_4' title="bbox 44 1575 81 1609">
     <span class='ocr_line' id='line_1_4' title="bbox 44 1575 81 1609; baseline 0.027 -1"><span class='ocrx_word' id='word_1_4' title='bbox 44 1575 81 1609; x_wconf 85' lang='grc'><em>20</em></span> 
     </span>
    </p>
   </div>
   <div class='ocr_carea' id='block_1_5' title="bbox 532 154 1779 198">
    <p class='ocr_par' dir='ltr' id='par_1_5' title="bbox 532 154 1779 198">
     <span class='ocr_line' id='line_1_5' title="bbox 532 154 1779 198; baseline -0.001 -7"><span class='ocrx_word' id='word_1_5' title='bbox 532 158 598 193; x_wconf 82' lang='lat' dir='ltr'><em>DE</em></span> <span class='ocrx_word' id='word_1_6' title='bbox 624 157 783 193; x_wconf 79' lang='lat' dir='ltr'>BELLO</span> <span class='ocrx_word' id='word_1_7' title='bbox 809 158 906 193; x_wconf 86' lang='lat' dir='ltr'>IUI).</span> <span class='ocrx_word' id='word_1_8' title='bbox 933 158 982 191; x_wconf 81' lang='lat' dir='ltr'><em>IV</em></span> <span class='ocrx_word' id='word_1_9' title='bbox 1008 158 1185 191; x_wconf 69' lang='grc'><strong>614-(520</strong></span> <span class='ocrx_word' id='word_1_10' title='bbox 1209 158 1245 197; x_wconf 72' lang='grc' dir='ltr'><em>(Χ</em></span> <span class='ocrx_word' id='word_1_11' title='bbox 1273 162 1301 188; x_wconf 83' lang='lat'><em>5.</em></span> <span class='ocrx_word' id='word_1_12' title='bbox 1329 158 1361 198; x_wconf 84' lang='grc'><em>6)</em></span> <span class='ocrx_word' id='word_1_13' title='bbox 1699 154 1779 190; x_wconf 74' lang='lat'><em>427</em></span> 
     </span>
    </p>
   </div>
   <div class='ocr_carea' id='block_1_6' title="bbox 109 267 1780 1757">
    <p class='ocr_par' dir='ltr' id='par_1_6' title="bbox 110 267 1779 734">
     <span class='ocr_line' id='line_1_6' title="bbox 110 267 1778 329; baseline -0.002 -15"><span class='ocrx_word' id='word_1_14' title='bbox 110 275 402 328; x_wconf 73' lang='grc' dir='ltr'><em>χειροποίητα</em></span> <span class='ocrx_word' id='word_1_15' title='bbox 421 275 539 329; x_wconf 87' lang='grc' dir='ltr'><em>τείχη</em></span> <span class='ocrx_word' id='word_1_16' title='bbox 562 274 760 326; x_wconf 85' lang='grc' dir='ltr'><em>με’γιστα,</em></span> <span class='ocrx_word' id='word_1_17' title='bbox 793 269 1216 326; x_wconf 83' lang='grc' dir='ltr'><em>προσαρασσόμενον</em></span> <span class='ocrx_word' id='word_1_18' title='bbox 1240 269 1285 311; x_wconf 66' lang='grc' dir='ltr'><em>δὲ</em></span> <span class='ocrx_word' id='word_1_19' title='bbox 1306 268 1479 318; x_wconf 78' lang='grc' dir='ltr'><strong><em>τούτοις</em></strong></span> <span class='ocrx_word' id='word_1_20' title='bbox 1502 267 1550 311; x_wconf 81' lang='grc' dir='ltr'><em>τὸ</em></span> <span class='ocrx_word' id='word_1_21' title='bbox 1584 268 1778 323; x_wconf 81' lang='grc' dir='ltr'><em>πέλαγος</em></span> 
     </span>
     <span class='ocr_line' id='line_1_7' title="bbox 115 334 1778 395; baseline -0.003 -13"><span class='ocrx_word' id='word_1_22' title='bbox 115 342 187 383; x_wconf 74' lang='grc' dir='ltr'><em>καὶ,</em></span> <span class='ocrx_word' id='word_1_23' title='bbox 220 349 313 390; x_wconf 81' lang='grc' dir='ltr'><em>τοῖς</em></span> <span class='ocrx_word' id='word_1_24' title='bbox 345 337 544 394; x_wconf 74' lang='grc' dir='ltr'><em>ἄντικρυς</em></span> <span class='ocrx_word' id='word_1_25' title='bbox 576 338 742 393; x_wconf 67' lang='grc' dir='ltr'><em>ἕρκεσιν</em></span> <span class='ocrx_word' id='word_1_26' title='bbox 783 334 1121 395; x_wconf 74' lang='grc' dir='ltr'><em>ἀμφαγνυμένον</em></span> <span class='ocrx_word' id='word_1_27' title='bbox 1152 335 1397 391; x_wconf 67' lang='grc' dir='ltr'><em>ἐκτραχύνει</em></span> <span class='ocrx_word' id='word_1_28' title='bbox 1427 335 1503 378; x_wconf 79' lang='grc' dir='ltr'><em>τὸν</em></span> <span class='ocrx_word' id='word_1_29' title='bbox 1534 335 1675 391; x_wconf 90' lang='grc' dir='ltr'><em>πόρον</em></span> <span class='ocrx_word' id='word_1_30' title='bbox 1706 337 1778 377; x_wconf 83' lang='grc' dir='ltr'><em>καὶ</em></span> 
     </span>
     <span class='ocr_line' id='line_1_8' title="bbox 117 401 1778 464; baseline -0.003 -15"><span class='ocrx_word' id='word_1_31' title='bbox 117 406 344 464; x_wconf 82' lang='grc' dir='ltr'><em>σφαλερὰν</em></span> <span class='ocrx_word' id='word_1_32' title='bbox 373 406 446 449; x_wconf 82' lang='grc' dir='ltr'><em>διὰ</em></span> <span class='ocrx_word' id='word_1_33' title='bbox 479 409 631 449; x_wconf 77' lang='grc' dir='ltr'><em>στενοῦ</em></span> <span class='ocrx_word' id='word_1_34' title='bbox 661 406 738 464; x_wconf 85' lang='grc' dir='ltr'><em>τὴν</em></span> <span class='ocrx_word' id='word_1_35' title='bbox 771 406 944 448; x_wconf 74' lang='grc' dir='ltr'><em>εἴσοδον</em></span> <span class='ocrx_word' id='word_1_36' title='bbox 976 402 1282 459; x_wconf 68' lang='grc' dir='ltr'><em>ἀπεργάζεται.</em></span> <span class='ocrx_word' id='word_1_37' title='bbox 1334 401 1355 445; x_wconf 80' lang='grc' dir='ltr'>ὁ</span> <span class='ocrx_word' id='word_1_38' title='bbox 1389 404 1540 457; x_wconf 86' lang='grc' dir='ltr'><em>με’ντοι</em></span> <span class='ocrx_word' id='word_1_39' title='bbox 1570 420 1617 459; x_wconf 89' lang='grc' dir='ltr'><em>γε</em></span> <span class='ocrx_word' id='word_1_40' title='bbox 1648 401 1778 460; x_wconf 82' lang='grc' dir='ltr'><em>λιμὴν</em></span> 
     </span>
     <span class='ocr_line' id='line_1_9' title="bbox 117 469 1778 532; baseline -0.003 -15"><span class='ocrx_word' id='word_1_41' title='bbox 117 471 453 532; x_wconf 73' lang='grc' dir='ltr'><em>ἀσφαλέστατος</em></span> <span class='ocrx_word' id='word_1_42' title='bbox 485 474 607 517; x_wconf 67' lang='grc' dir='ltr'><em>ἔνδον</em></span> <span class='ocrx_word' id='word_1_43' title='bbox 638 476 709 517; x_wconf 82' lang='grc' dir='ltr'><em>καὶ</em></span> <span class='ocrx_word' id='word_1_44' title='bbox 741 473 977 526; x_wconf 85' lang='grc' dir='ltr'><em>τριάκοντα</em></span> <span class='ocrx_word' id='word_1_45' title='bbox 1009 472 1201 514; x_wconf 89' lang='grc' dir='ltr'><em>σταδίων</em></span> <span class='ocrx_word' id='word_1_46' title='bbox 1232 471 1280 513; x_wconf 72' lang='grc' dir='ltr'><em>τι)</em></span> <span class='ocrx_word' id='word_1_47' title='bbox 1313 475 1515 526; x_wconf 69' lang='grc' dir='ltr'><em>μέγεθος,</em></span> <span class='ocrx_word' id='word_1_48' title='bbox 1549 470 1611 521; x_wconf 83' lang='grc' dir='ltr'><em>εἰς</em></span> <span class='ocrx_word' id='word_1_49' title='bbox 1642 469 1692 512; x_wconf 75' lang='grc' dir='ltr'><em>ὂν</em></span> <span class='ocrx_word' id='word_1_50' title='bbox 1722 469 1778 512; x_wconf 91' lang='grc' dir='ltr'><em>τά</em></span> 
     </span>
     <span class='ocr_line' id='line_1_10' title="bbox 114 536 1778 598; baseline -0.004 -13"><span class='ocrx_word' id='word_1_51' title='bbox 114 560 161 585; x_wconf 89' lang='grc' dir='ltr'><em>τε</em></span> <span class='ocrx_word' id='word_1_52' title='bbox 202 545 412 585; x_wconf 81' lang='grc' dir='ltr'><em>λείποντα</em></span> <span class='ocrx_word' id='word_1_53' title='bbox 449 544 500 595; x_wconf 67' lang='grc' dir='ltr'><em>τῇ</em></span> <span class='ocrx_word' id='word_1_54' title='bbox 537 542 658 598; x_wconf 73' lang='grc' dir='ltr'><em>χώρᾳ</em></span> <span class='ocrx_word' id='word_1_55' title='bbox 697 540 812 596; x_wconf 81' lang='grc' dir='ltr'><em>πρὸς</em></span> <span class='ocrx_word' id='word_1_56' title='bbox 851 536 1133 594; x_wconf 66' lang='grc' dir='ltr'><em>εὔδαιμονίαν</em></span> <span class='ocrx_word' id='word_1_57' title='bbox 1164 539 1399 594; x_wconf 74' lang='grc' dir='ltr'><em>κατάγεται</em></span> <span class='ocrx_word' id='word_1_58' title='bbox 1429 541 1502 581; x_wconf 80' lang='grc' dir='ltr'><em>καὶ</em></span> <span class='ocrx_word' id='word_1_59' title='bbox 1532 537 1587 580; x_wconf 80' lang='grc' dir='ltr'><em>τὰ</em></span> <span class='ocrx_word' id='word_1_60' title='bbox 1620 551 1778 593; x_wconf 80' lang='grc' dir='ltr'><em>περισ-</em></span> 
     </span>
     <span class='ocr_line' id='line_1_11' title="bbox 116 605 1779 663; baseline -0.004 -10"><span class='ocrx_word' id='word_1_61' title='bbox 116 611 299 653; x_wconf 78' lang='grc' dir='ltr'><em>σεύοντα</em></span> <span class='ocrx_word' id='word_1_62' title='bbox 338 613 425 653; x_wconf 84' lang='grc' dir='ltr'><em>τιῦν</em></span> <span class='ocrx_word' id='word_1_63' title='bbox 466 609 714 663; x_wconf 74' lang='grc' dir='ltr'><em>ἐπιχωρίων</em></span> <span class='ocrx_word' id='word_1_64' title='bbox 755 605 938 663; x_wconf 70' lang='grc' dir='ltr'><em>άγαθιῦν</em></span> <span class='ocrx_word' id='word_1_65' title='bbox 981 607 1042 656; x_wconf 84' lang='grc' dir='ltr'><em>εἰς</em></span> <span class='ocrx_word' id='word_1_66' title='bbox 1083 609 1233 649; x_wconf 79' lang='grc' dir='ltr'><em>πᾶσαν</em></span> <span class='ocrx_word' id='word_1_67' title='bbox 1262 607 1494 662; x_wconf 70' lang='grc' dir='ltr'><em>χωρίζεται</em></span> <span class='ocrx_word' id='word_1_68' title='bbox 1524 605 1601 663; x_wconf 78' lang='grc' dir='ltr'><em>τὴν</em></span> <span class='ocrx_word' id='word_1_69' title='bbox 1633 605 1779 648; x_wconf 81' lang='grc' dir='ltr'><em>οἰκου-</em></span> 
     </span>
     <span class='ocr_line' id='line_1_12' title="bbox 113 681 259 734; baseline 0.007 -15"><span class='ocrx_word' id='word_1_70' title='bbox 113 681 259 734; x_wconf 76' lang='grc' dir='ltr'><em>με’νην.</em></span> 
     </span>
    </p>

    <p class='ocr_par' dir='ltr' id='par_1_7' title="bbox 109 745 1780 1757">
     <span class='ocr_line' id='line_1_13' title="bbox 220 745 1776 812; baseline -0.003 -13"><span class='ocrx_word' id='word_1_71' title='bbox 220 760 257 799; x_wconf 91' lang='grc'><em>6.</em></span> <span class='ocrx_word' id='word_1_72' title='bbox 276 751 448 812; x_wconf 81' lang='grc' dir='ltr'><em>Ἐφίετο</em></span> <span class='ocrx_word' id='word_1_73' title='bbox 469 756 547 808; x_wconf 81' lang='grc' dir='ltr'><em>μὲν</em></span> <span class='ocrx_word' id='word_1_74' title='bbox 570 745 644 797; x_wconf 66' lang='grc' dir='ltr'><em>οὖν</em></span> <span class='ocrx_word' id='word_1_75' title='bbox 667 754 846 803; x_wconf 78' lang='grc' dir='ltr'><em>εἰκότως</em></span> <span class='ocrx_word' id='word_1_76' title='bbox 866 756 952 796; x_wconf 82' lang='grc' dir='ltr'><em>τῶν</em></span> <span class='ocrx_word' id='word_1_77' title='bbox 972 753 1105 808; x_wconf 68' lang='grc' dir='ltr'><em>ταύτῃ</em></span> <span class='ocrx_word' id='word_1_78' title='bbox 1134 751 1406 807; x_wconf 72' lang='grc' dir='ltr'><em>πραγμάτιον</em></span> <span class='ocrx_word' id='word_1_79' title='bbox 1435 747 1776 801; x_wconf 67' lang='grc' dir='ltr'><em>Οὗεσπασιανὸς</em></span> 
     </span>
     <span class='ocr_line' id='line_1_14' title="bbox 117 815 1776 879; baseline -0.003 -13"><span class='ocrx_word' id='word_1_80' title='bbox 117 823 179 874; x_wconf 83' lang='grc' dir='ltr'><em>εἷς</em></span> <span class='ocrx_word' id='word_1_81' title='bbox 199 828 441 878; x_wconf 71' lang='grc' dir='ltr'><em>βεβαίωσιν</em></span> <span class='ocrx_word' id='word_1_82' title='bbox 462 825 538 879; x_wconf 80' lang='grc' dir='ltr'><em>τῆς</em></span> <span class='ocrx_word' id='word_1_83' title='bbox 559 818 662 879; x_wconf 74' lang='grc' dir='ltr'><em>ὅλης</em></span> <span class='ocrx_word' id='word_1_84' title='bbox 682 819 929 877; x_wconf 77' lang='grc' dir='ltr'><em>ἡγεμονίας,</em></span> <span class='ocrx_word' id='word_1_85' title='bbox 963 820 1214 862; x_wconf 76' lang='grc' dir='ltr'><em>ἐπιστέλλει</em></span> <span class='ocrx_word' id='word_1_86' title='bbox 1237 815 1277 860; x_wconf 74' lang='grc' dir='ltr'><em>δ’</em></span> <span class='ocrx_word' id='word_1_87' title='bbox 1315 815 1449 868; x_wconf 70' lang='grc' dir='ltr'><em>εὐθὺς</em></span> <span class='ocrx_word' id='word_1_88' title='bbox 1480 821 1542 874; x_wconf 75' lang='grc' dir='ltr'><em>τῷ</em></span> <span class='ocrx_word' id='word_1_89' title='bbox 1575 819 1776 861; x_wconf 73' lang='grc' dir='ltr'><em>διέποντι</em></span> 
     </span>
     <span class='ocr_line' id='line_1_15' title="bbox 115 883 1775 949; baseline -0.002 -17"><span class='ocrx_word' id='word_1_90' title='bbox 115 891 191 949; x_wconf 80' lang='grc' dir='ltr'><em>τὴν</em></span> <span class='ocrx_word' id='word_1_91' title='bbox 215 891 449 946; x_wconf 78' lang='grc' dir='ltr'><em>Αἴγυπτον</em></span> <span class='ocrx_word' id='word_1_92' title='bbox 470 892 542 933; x_wconf 80' lang='grc' dir='ltr'><em>καὶ</em></span> <span class='ocrx_word' id='word_1_93' title='bbox 573 888 651 944; x_wconf 71' lang='grc' dir='ltr'><em>τὴν</em></span> <span class='ocrx_word' id='word_1_94' title='bbox 667 885 999 943; x_wconf 73' lang='grc' dir='ltr'><em>Ἀλεξάνδρειαν</em></span> <span class='ocrx_word' id='word_1_95' title='bbox 1026 891 1216 943; x_wconf 71' lang='grc' dir='ltr'><em>Τιβερίῳ</em></span> <span class='ocrx_word' id='word_1_96' title='bbox 1234 883 1520 942; x_wconf 79' lang='grc' dir='ltr'><em>Ἀλεξάνδρῳ,</em></span> <span class='ocrx_word' id='word_1_97' title='bbox 1554 887 1696 944; x_wconf 76' lang='grc' dir='ltr'><em>δηλῶν</em></span> <span class='ocrx_word' id='word_1_98' title='bbox 1726 885 1775 929; x_wconf 83' lang='grc' dir='ltr'><em>τὸ</em></span> 
     </span>
     <span class='ocr_line' id='line_1_16' title="bbox 113 950 1780 1016; baseline -0.003 -15"><span class='ocrx_word' id='word_1_99' title='bbox 113 976 189 1016; x_wconf 88' lang='grc' dir='ltr'><em>της</em></span> <span class='ocrx_word' id='word_1_100' title='bbox 213 961 421 1014; x_wconf 84' lang='grc' dir='ltr'><em>στρατιᾶς</em></span> <span class='ocrx_word' id='word_1_101' title='bbox 444 958 695 1012; x_wconf 73' lang='grc' dir='ltr'><em>πρόθυμον,</em></span> <span class='ocrx_word' id='word_1_102' title='bbox 726 973 796 998; x_wconf 81' lang='grc' dir='ltr'><em>και</em></span> <span class='ocrx_word' id='word_1_103' title='bbox 831 953 889 1005; x_wconf 74' lang='grc' dir='ltr'><em>ὥς</em></span> <span class='ocrx_word' id='word_1_104' title='bbox 922 951 1052 1005; x_wconf 66' lang='grc' dir='ltr'><em>αὐτὸς</em></span> <span class='ocrx_word' id='word_1_105' title='bbox 1083 952 1251 1004; x_wconf 78' lang='grc' dir='ltr'><em>υποδυς</em></span> <span class='ocrx_word' id='word_1_106' title='bbox 1282 950 1531 1009; x_wconf 72' lang='grc' dir='ltr'><em>ἀναγκαίως</em></span> <span class='ocrx_word' id='word_1_107' title='bbox 1560 953 1610 996; x_wconf 80' lang='grc' dir='ltr'><em>τὸ</em></span> <span class='ocrx_word' id='word_1_108' title='bbox 1642 953 1780 1010; x_wconf 86' lang='grc' dir='ltr'><em>βάρος</em></span> 
     </span>
     <span class='ocr_line' id='line_1_17' title="bbox 113 1021 1779 1084; baseline -0.004 -15"><span class='ocrx_word' id='word_1_109' title='bbox 113 1029 188 1084; x_wconf 81' lang='grc' dir='ltr'><em>τῆς</em></span> <span class='ocrx_word' id='word_1_110' title='bbox 225 1024 458 1084; x_wconf 67' lang='grc' dir='ltr'><em>ἡγεμονίας</em></span> <span class='ocrx_word' id='word_1_111' title='bbox 497 1023 702 1080; x_wconf 70' lang='grc' dir='ltr'><em>συνεργὸν</em></span> <span class='ocrx_word' id='word_1_112' title='bbox 743 1021 875 1066; x_wconf 78' lang='grc' dir='ltr'><em>αὐτὸν</em></span> <span class='ocrx_word' id='word_1_113' title='bbox 913 1024 985 1065; x_wconf 86' lang='grc' dir='ltr'><em>καὶ</em></span> <span class='ocrx_word' id='word_1_114' title='bbox 1029 1021 1202 1079; x_wconf 69' lang='grc' dir='ltr'><em>βοηθὸν</em></span> <span class='ocrx_word' id='word_1_115' title='bbox 1247 1021 1602 1077; x_wconf 87' lang='grc' dir='ltr'><em>προσλαμβάνοι.</em></span> <span class='ocrx_word' id='word_1_116' title='bbox 1661 1038 1779 1074; x_wconf 86' lang='grc' dir='ltr'><em>παρ-</em></span> 
     </span>
     <span class='ocr_line' id='line_1_18' title="bbox 115 1086 1779 1149; baseline -0.004 -13"><span class='ocrx_word' id='word_1_117' title='bbox 115 1092 326 1149; x_wconf 73' lang='grc' dir='ltr'><em>αναγνοίς</em></span> <span class='ocrx_word' id='word_1_118' title='bbox 357 1093 403 1136; x_wconf 81' lang='grc' dir='ltr'><em>δὲ</em></span> <span class='ocrx_word' id='word_1_119' title='bbox 433 1092 510 1148; x_wconf 75' lang='grc' dir='ltr'><em>την</em></span> <span class='ocrx_word' id='word_1_120' title='bbox 547 1090 785 1149; x_wconf 70' lang='grc' dir='ltr'><em>ετιστολῂν</em></span> <span class='ocrx_word' id='word_1_121' title='bbox 810 1086 1096 1145; x_wconf 77' lang='grc' dir='ltr'><em>Ἀλέξανδρος</em></span> <span class='ocrx_word' id='word_1_122' title='bbox 1135 1090 1384 1144; x_wconf 66' lang='grc' dir='ltr'><em>προθύμως</em></span> <span class='ocrx_word' id='word_1_123' title='bbox 1414 1090 1468 1132; x_wconf 92' lang='grc' dir='ltr'><em>τά</em></span> <span class='ocrx_word' id='word_1_124' title='bbox 1499 1107 1545 1132; x_wconf 89' lang='grc' dir='ltr'><em>τε</em></span> <span class='ocrx_word' id='word_1_125' title='bbox 1575 1088 1779 1144; x_wconf 89' lang='grc' dir='ltr'><em>τάγιιατα</em></span> 
     </span>
     <span class='ocr_line' id='line_1_19' title="bbox 112 1154 1780 1218; baseline -0.002 -14.998"><span class='ocrx_word' id='word_1_126' title='bbox 112 1163 185 1204; x_wconf 84' lang='grc' dir='ltr'><em>καὶ</em></span> <span class='ocrx_word' id='word_1_127' title='bbox 205 1159 254 1203; x_wconf 83' lang='grc' dir='ltr'><em>τὸ</em></span> <span class='ocrx_word' id='word_1_128' title='bbox 278 1161 456 1218; x_wconf 70' lang='grc' dir='ltr'><em>πλῆθος</em></span> <span class='ocrx_word' id='word_1_129' title='bbox 487 1160 549 1210; x_wconf 83' lang='grc' dir='ltr'><em>εἷς</em></span> <span class='ocrx_word' id='word_1_130' title='bbox 572 1156 704 1202; x_wconf 83' lang='grc' dir='ltr'><em>αυτὸν</em></span> <span class='ocrx_word' id='word_1_131' title='bbox 735 1154 951 1214; x_wconf 78' lang='grc' dir='ltr'><em>ω’ρκωσεν.</em></span> <span class='ocrx_word' id='word_1_132' title='bbox 1003 1158 1201 1213; x_wconf 73' lang='grc' dir='ltr'><em>ἑκάτεροι</em></span> <span class='ocrx_word' id='word_1_133' title='bbox 1224 1158 1270 1199; x_wconf 86' lang='grc' dir='ltr'><em>δε</em></span> <span class='ocrx_word' id='word_1_134' title='bbox 1294 1154 1494 1211; x_wconf 83' lang='grc' dir='ltr'><em>ασμένως</em></span> <span class='ocrx_word' id='word_1_135' title='bbox 1524 1155 1780 1213; x_wconf 68' lang='grc' dir='ltr'><em>ὑπήκουσαν</em></span> 
     </span>
     <span class='ocr_line' id='line_1_20' title="bbox 114 1222 1777 1285; baseline -0.002 -15"><span class='ocrx_word' id='word_1_136' title='bbox 114 1246 162 1285; x_wconf 78' lang='grc' dir='ltr'><em>τι</em></span> <span class='ocrx_word' id='word_1_137' title='bbox 171 1247 191 1271; x_wconf 91' lang='grc' dir='ltr'><em>ν</em></span> <span class='ocrx_word' id='word_1_138' title='bbox 231 1224 388 1285; x_wconf 81' lang='grc' dir='ltr'><em>άρετὴν</em></span> <span class='ocrx_word' id='word_1_139' title='bbox 427 1223 615 1283; x_wconf 79' lang='grc' dir='ltr'><em>τάνδρός</em></span> <span class='ocrx_word' id='word_1_140' title='bbox 656 1244 700 1269; x_wconf 83' lang='grc' dir='ltr'><em>εκ</em></span> <span class='ocrx_word' id='word_1_141' title='bbox 737 1229 814 1284; x_wconf 85' lang='grc' dir='ltr'><em>τῆς</em></span> <span class='ocrx_word' id='word_1_142' title='bbox 855 1225 975 1281; x_wconf 77' lang='grc' dir='ltr'><em>εγγίς</em></span> <span class='ocrx_word' id='word_1_143' title='bbox 1012 1230 1276 1283; x_wconf 86' lang='grc' dir='ltr'><em>στρατηγίας</em></span> <span class='ocrx_word' id='word_1_144' title='bbox 1308 1225 1487 1275; x_wconf 76' lang='grc' dir='ltr'><em>εἰδότες.</em></span> <span class='ocrx_word' id='word_1_145' title='bbox 1538 1226 1611 1267; x_wconf 84' lang='grc' dir='ltr'><em>καὶ</em></span> <span class='ocrx_word' id='word_1_146' title='bbox 1642 1222 1663 1266; x_wconf 83' lang='grc' dir='ltr'>ὁ</span> <span class='ocrx_word' id='word_1_147' title='bbox 1697 1224 1777 1278; x_wconf 76' lang='grc' dir='ltr'><em>μὲν</em></span> 
     </span>
     <span class='ocr_line' id='line_1_21' title="bbox 112 1288 1778 1352; baseline -0.002 -14"><span class='ocrx_word' id='word_1_148' title='bbox 112 1299 462 1350; x_wconf 73' lang='grc' dir='ltr'><em>πεπιστευμένος</em></span> <span class='ocrx_word' id='word_1_149' title='bbox 501 1292 581 1352; x_wconf 77' lang='grc' dir='ltr'><em>ἤδη</em></span> <span class='ocrx_word' id='word_1_150' title='bbox 613 1294 666 1337; x_wconf 79' lang='grc' dir='ltr'><em>τὰ</em></span> <span class='ocrx_word' id='word_1_151' title='bbox 700 1296 802 1349; x_wconf 83' lang='grc' dir='ltr'><em>περὶ</em></span> <span class='ocrx_word' id='word_1_152' title='bbox 835 1293 913 1350; x_wconf 75' lang='grc' dir='ltr'><em>τὴν</em></span> <span class='ocrx_word' id='word_1_153' title='bbox 946 1290 1079 1351; x_wconf 71' lang='grc' dir='ltr'><em>ἀρχὴν</em></span> <span class='ocrx_word' id='word_1_154' title='bbox 1110 1292 1524 1348; x_wconf 72' lang='grc' dir='ltr'><em>προπαρεσκεύαζεν</em></span> <span class='ocrx_word' id='word_1_155' title='bbox 1557 1288 1675 1348; x_wconf 70' lang='grc' dir='ltr'><em>αὐτῷ</em></span> <span class='ocrx_word' id='word_1_156' title='bbox 1706 1293 1778 1334; x_wconf 83' lang='grc' dir='ltr'><em>καὶ</em></span> 
     </span>
     <span class='ocr_line' id='line_1_22' title="bbox 111 1358 1779 1421; baseline -0.004 -14"><span class='ocrx_word' id='word_1_157' title='bbox 111 1363 166 1407; x_wconf 76' lang='grc' dir='ltr'><em>τὰ</em></span> <span class='ocrx_word' id='word_1_158' title='bbox 196 1363 310 1419; x_wconf 84' lang='grc' dir='ltr'><em>πρὸς</em></span> <span class='ocrx_word' id='word_1_159' title='bbox 339 1363 416 1421; x_wconf 80' lang='grc' dir='ltr'><em>τὴν</em></span> <span class='ocrx_word' id='word_1_160' title='bbox 450 1359 622 1419; x_wconf 67' lang='grc' dir='ltr'><em>ἄφιξιν,</em></span> <span class='ocrx_word' id='word_1_161' title='bbox 663 1362 813 1415; x_wconf 90' lang='grc' dir='ltr'><em>τάχιον</em></span> <span class='ocrx_word' id='word_1_162' title='bbox 845 1358 886 1403; x_wconf 66' lang='grc' dir='ltr'><em>δ’</em></span> <span class='ocrx_word' id='word_1_163' title='bbox 924 1361 1125 1412; x_wconf 75' lang='grc' dir='ltr'><em>ἐπινοίας</em></span> <span class='ocrx_word' id='word_1_164' title='bbox 1166 1361 1416 1420; x_wconf 69' lang='grc' dir='ltr'><em>διήγγελλον</em></span> <span class='ocrx_word' id='word_1_165' title='bbox 1450 1361 1495 1403; x_wconf 78' lang='grc' dir='ltr'><em>αἱ</em></span> <span class='ocrx_word' id='word_1_166' title='bbox 1526 1363 1672 1416; x_wconf 59' lang='grc' dir='ltr'><em>φῆμαι</em></span> <span class='ocrx_word' id='word_1_167' title='bbox 1701 1359 1779 1402; x_wconf 83' lang='grc' dir='ltr'><em>τὸν</em></span> 
     </span>
     <span class='ocr_line' id='line_1_23' title="bbox 111 1423 1779 1486; baseline -0.002 -13"><span class='ocrx_word' id='word_1_168' title='bbox 111 1430 187 1474; x_wconf 74' lang='grc' dir='ltr'><em>ἐπὶ</em></span> <span class='ocrx_word' id='word_1_169' title='bbox 208 1433 286 1484; x_wconf 79' lang='grc' dir='ltr'><em>τῆς</em></span> <span class='ocrx_word' id='word_1_170' title='bbox 307 1427 525 1486; x_wconf 68' lang='grc' dir='ltr'><em>ἀνατολῆς</em></span> <span class='ocrx_word' id='word_1_171' title='bbox 547 1426 860 1485; x_wconf 63' lang='grc' dir='ltr'><em>αὐτοκράτορα,</em></span> <span class='ocrx_word' id='word_1_172' title='bbox 892 1431 964 1472; x_wconf 85' lang='grc' dir='ltr'><em>καὶ</em></span> <span class='ocrx_word' id='word_1_173' title='bbox 987 1432 1112 1471; x_wconf 80' lang='grc' dir='ltr'><em>πᾶσα</em></span> <span class='ocrx_word' id='word_1_174' title='bbox 1134 1430 1213 1482; x_wconf 73' lang='grc' dir='ltr'><em>μὲν</em></span> <span class='ocrx_word' id='word_1_175' title='bbox 1244 1429 1377 1478; x_wconf 86' lang='grc' dir='ltr'><em>πόλις</em></span> <span class='ocrx_word' id='word_1_176' title='bbox 1410 1427 1621 1483; x_wconf 73' lang='grc' dir='ltr'><em>ἑώρταζεν</em></span> <span class='ocrx_word' id='word_1_177' title='bbox 1652 1423 1779 1482; x_wconf 68' lang='grc' dir='ltr'><em>εὐαγ-</em></span> 
     </span>
     <span class='ocr_line' id='line_1_24' title="bbox 109 1494 1778 1555; baseline -0.002 -14"><span class='ocrx_word' id='word_1_178' title='bbox 109 1499 235 1554; x_wconf 84' lang='grc' dir='ltr'><em>γέλια</em></span> <span class='ocrx_word' id='word_1_179' title='bbox 257 1496 334 1555; x_wconf 80' lang='grc' dir='ltr'><em>[δὲ]</em></span> <span class='ocrx_word' id='word_1_180' title='bbox 357 1499 428 1541; x_wconf 80' lang='grc' dir='ltr'><em>καὶ</em></span> <span class='ocrx_word' id='word_1_181' title='bbox 454 1501 620 1547; x_wconf 74' lang='grc' dir='ltr'><em>θυσίας</em></span> <span class='ocrx_word' id='word_1_182' title='bbox 651 1495 762 1553; x_wconf 48' lang='grc' dir='ltr'><em>ἰς-πὲρ</em></span> <span class='ocrx_word' id='word_1_183' title='bbox 785 1494 918 1540; x_wconf 69' lang='grc' dir='ltr'><em>αἰτοῦ</em></span> <span class='ocrx_word' id='word_1_184' title='bbox 950 1497 1161 1540; x_wconf 74' lang='grc' dir='ltr'><em>ἐπετέλει.</em></span> <span class='ocrx_word' id='word_1_185' title='bbox 1211 1496 1265 1539; x_wconf 83' lang='grc' dir='ltr'><em>τὰ</em></span> <span class='ocrx_word' id='word_1_186' title='bbox 1290 1497 1336 1538; x_wconf 75' lang='grc' dir='ltr'><em>δὲ</em></span> <span class='ocrx_word' id='word_1_187' title='bbox 1356 1496 1466 1538; x_wconf 79' lang='grc' dir='ltr'><em>κατὰ</em></span> <span class='ocrx_word' id='word_1_188' title='bbox 1490 1499 1674 1537; x_wconf 70' lang='grc' dir='ltr'><em>,Μυσίαν</em></span> <span class='ocrx_word' id='word_1_189' title='bbox 1704 1496 1778 1537; x_wconf 82' lang='grc' dir='ltr'><em>καὶ</em></span> 
     </span>
     <span class='ocr_line' id='line_1_25' title="bbox 111 1558 1779 1621; baseline -0.002 -13"><span class='ocrx_word' id='word_1_190' title='bbox 111 1570 364 1608; x_wconf 85' lang='grc' dir='ltr'><em>Παννονίαν</em></span> <span class='ocrx_word' id='word_1_191' title='bbox 395 1562 609 1621; x_wconf 82' lang='grc' dir='ltr'><em>τάγματα,</em></span> <span class='ocrx_word' id='word_1_192' title='bbox 645 1567 786 1621; x_wconf 74' lang='grc' dir='ltr'><em>μικρῷ</em></span> <span class='ocrx_word' id='word_1_193' title='bbox 818 1564 1021 1620; x_wconf 73' lang='grc' dir='ltr'><em>πρόσθεν</em></span> <span class='ocrx_word' id='word_1_194' title='bbox 1052 1568 1307 1621; x_wconf 76' lang='grc' dir='ltr'><em>κεκινημένα</em></span> <span class='ocrx_word' id='word_1_195' title='bbox 1337 1563 1452 1619; x_wconf 82' lang='grc' dir='ltr'><em>πρὸς</em></span> <span class='ocrx_word' id='word_1_196' title='bbox 1482 1562 1557 1620; x_wconf 79' lang='grc' dir='ltr'><em>τὴν</em></span> <span class='ocrx_word' id='word_1_197' title='bbox 1596 1558 1779 1605; x_wconf 73' lang='grc' dir='ltr'><em>Οὐιτελ-</em></span> 
     </span>
     <span class='ocr_line' id='line_1_26' title="bbox 111 1626 1775 1690; baseline -0.002 -15"><span class='ocrx_word' id='word_1_198' title='bbox 111 1635 207 1676; x_wconf 89' lang='grc' dir='ltr'><em>λίου</em></span> <span class='ocrx_word' id='word_1_199' title='bbox 238 1632 417 1688; x_wconf 84' lang='grc' dir='ltr'><em>τόλμαν,</em></span> <span class='ocrx_word' id='word_1_200' title='bbox 449 1632 616 1687; x_wconf 78' lang='grc' dir='ltr'><em>μείζονι</em></span> <span class='ocrx_word' id='word_1_201' title='bbox 642 1635 758 1690; x_wconf 71' lang='grc' dir='ltr'><em>χαρᾷ</em></span> <span class='ocrx_word' id='word_1_202' title='bbox 786 1629 1111 1688; x_wconf 70' lang='grc' dir='ltr'><em>Οῧεσπασιανῷ</em></span> <span class='ocrx_word' id='word_1_203' title='bbox 1141 1631 1219 1688; x_wconf 77' lang='grc' dir='ltr'><em>τὴν</em></span> <span class='ocrx_word' id='word_1_204' title='bbox 1248 1629 1485 1689; x_wconf 84' lang='grc' dir='ltr'><em>ἡγεμονίαν</em></span> <span class='ocrx_word' id='word_1_205' title='bbox 1516 1627 1702 1684; x_wconf 77' lang='grc' dir='ltr'><em>ὤμνυον.</em></span> <span class='ocrx_word' id='word_1_206' title='bbox 1753 1626 1775 1672; x_wconf 80' lang='grc' dir='ltr'><em>ὃ</em></span> 
     </span>
     <span class='ocr_line' id='line_1_27' title="bbox 115 1696 1778 1757; baseline -0.002 -14"><span class='ocrx_word' id='word_1_207' title='bbox 115 1697 154 1743; x_wconf 66' lang='grc' dir='ltr'><em>δ’</em></span> <span class='ocrx_word' id='word_1_208' title='bbox 182 1697 417 1752; x_wconf 70' lang='grc' dir='ltr'><em>ἀναζεύξας</em></span> <span class='ocrx_word' id='word_1_209' title='bbox 439 1696 528 1743; x_wconf 76' lang='grc' dir='ltr'><em>άπὸ</em></span> <span class='ocrx_word' id='word_1_210' title='bbox 552 1704 826 1755; x_wconf 81' lang='grc' dir='ltr'><em>Καισαρείας</em></span> <span class='ocrx_word' id='word_1_211' title='bbox 851 1700 914 1751; x_wconf 81' lang='grc' dir='ltr'><em>εἰς</em></span> <span class='ocrx_word' id='word_1_212' title='bbox 935 1699 1134 1757; x_wconf 80' lang='grc' dir='ltr'><em>Βηρυτὸν</em></span> <span class='ocrx_word' id='word_1_213' title='bbox 1166 1702 1325 1755; x_wconf 78' lang='grc' dir='ltr'><em>παρῆν,</em></span> <span class='ocrx_word' id='word_1_214' title='bbox 1358 1699 1472 1742; x_wconf 72' lang='grc' dir='ltr'><em>ἔνθα</em></span> <span class='ocrx_word' id='word_1_215' title='bbox 1503 1699 1667 1741; x_wconf 84' lang='grc' dir='ltr'><em>πολλαὶ</em></span> <span class='ocrx_word' id='word_1_216' title='bbox 1698 1698 1778 1752; x_wconf 75' lang='grc' dir='ltr'><em>μὲν</em></span> 
     </span>
    </p>
   </div>
   <div class='ocr_carea' id='block_1_7' title="bbox 187 1831 1680 1840">
    <p class='ocr_par' dir='ltr' id='par_1_8' title="bbox 187 1831 1680 1840">
     <span class='ocr_line' id='line_1_28' title="bbox 187 1831 1680 1840; baseline 0 0"><span class='ocrx_word' id='word_1_217' title='bbox 187 1831 1680 1840; x_wconf 95' lang='lat' dir='ltr'><em> </em></span> 
     </span>
    </p>
   </div>
   <div class='ocr_carea' id='block_1_8' title="bbox 223 1914 1043 1959">
    <p class='ocr_par' dir='ltr' id='par_1_9' title="bbox 223 1914 1043 1959">
     <span class='ocr_line' id='line_1_29' title="bbox 223 1914 1043 1959; baseline 0 -10"><span class='ocrx_word' id='word_1_218' title='bbox 223 1914 737 1959; x_wconf 80' lang='lat' dir='ltr'>PAMLVRCLatHegesipus</span> <span class='ocrx_word' id='word_1_219' title='bbox 762 1914 813 1949; x_wconf 92' lang='lat' dir='ltr'><em>IV</em></span> <span class='ocrx_word' id='word_1_220' title='bbox 839 1916 880 1949; x_wconf 84' lang='lat'><em>28</em></span> <span class='ocrx_word' id='word_1_221' title='bbox 906 1925 941 1958; x_wconf 87' lang='lat' dir='ltr'><em>p.</em></span> <span class='ocrx_word' id='word_1_222' title='bbox 966 1916 1043 1949; x_wconf 81' lang='lat'><em>267.</em></span> 
     </span>
    </p>
   </div>
   <div class='ocr_carea' id='block_1_9' title="bbox 109 1977 1778 2704">
    <p class='ocr_par' dir='ltr' id='par_1_10' title="bbox 109 1977 1778 2704">
     <span class='ocr_line' id='line_1_30' title="bbox 228 1977 1688 2031; baseline -0.001 -15"><span class='ocrx_word' id='word_1_223' title='bbox 228 1986 241 2016; x_wconf 95' lang='lat'>1</span> <span class='ocrx_word' id='word_1_224' title='bbox 272 1979 621 2031; x_wconf 80' lang='grc' dir='ltr'><em>προσρασσόμενον</em></span> <span class='ocrx_word' id='word_1_225' title='bbox 645 1982 674 2016; x_wconf 91' lang='lat' dir='ltr'>L</span> <span class='ocrx_word' id='word_1_226' title='bbox 815 1985 834 2016; x_wconf 77' lang='lat'><strong>2</strong></span> <span class='ocrx_word' id='word_1_227' title='bbox 868 1985 960 2024; x_wconf 82' lang='grc' dir='ltr'><em>τοῖς]</em></span> <span class='ocrx_word' id='word_1_228' title='bbox 992 1978 1095 2028; x_wconf 84' lang='grc' dir='ltr'><em>πρὸσ</em></span> <span class='ocrx_word' id='word_1_229' title='bbox 1128 1987 1214 2017; x_wconf 87' lang='grc' dir='ltr'><em>τοῖσ</em></span> <span class='ocrx_word' id='word_1_230' title='bbox 1243 1981 1269 2016; x_wconf 91' lang='lat' dir='ltr'>C</span> <span class='ocrx_word' id='word_1_231' title='bbox 1408 1977 1556 2027; x_wconf 73' lang='grc' dir='ltr'><em>ἕρκεσιν</em></span> <span class='ocrx_word' id='word_1_232' title='bbox 1591 1980 1688 2015; x_wconf 83' lang='lat' dir='ltr'><em>AVC</em></span> 
     </span>
     <span class='ocr_line' id='line_1_31' title="bbox 112 2032 1775 2086; baseline -0.004 -9"><span class='ocrx_word' id='word_1_233' title='bbox 112 2035 416 2086; x_wconf 72' lang='grc' dir='ltr'><em>ἀμφαγνυμένον]</em></span> <span class='ocrx_word' id='word_1_234' title='bbox 446 2037 604 2073; x_wconf 84' lang='lat' dir='ltr'>Dindorf</span> <span class='ocrx_word' id='word_1_235' title='bbox 635 2032 890 2084; x_wconf 76' lang='grc' dir='ltr'><em>άφικνὺμενον</em></span> <span class='ocrx_word' id='word_1_236' title='bbox 914 2039 942 2072; x_wconf 88' lang='grc' dir='ltr'>Ρ</span> <span class='ocrx_word' id='word_1_237' title='bbox 975 2034 1256 2084; x_wconf 65' lang='grc' dir='ltr'><em>ἀφικνούμενον</em></span> <span class='ocrx_word' id='word_1_238' title='bbox 1285 2038 1358 2070; x_wconf 78' lang='lat' dir='ltr'><em>AM</em></span> <span class='ocrx_word' id='word_1_239' title='bbox 1391 2033 1647 2083; x_wconf 76' lang='grc' dir='ltr'><em>άφιγνύμενον</em></span> <span class='ocrx_word' id='word_1_240' title='bbox 1678 2035 1775 2070; x_wconf 85' lang='lat' dir='ltr'><em>LRC</em></span> 
     </span>
     <span class='ocr_line' id='line_1_32' title="bbox 111 2092 1775 2142; baseline -0.004 -10"><span class='ocrx_word' id='word_1_241' title='bbox 111 2092 379 2142; x_wconf 82' lang='grc' dir='ltr'><em>άφϊγνυμένον,</em></span> <span class='ocrx_word' id='word_1_242' title='bbox 411 2108 432 2130; x_wconf 82' lang='grc' dir='ltr'><em>υ</em></span> <span class='ocrx_word' id='word_1_243' title='bbox 466 2094 584 2139; x_wconf 82' lang='lat' dir='ltr'><strong>suppl.</strong></span> <span class='ocrx_word' id='word_1_244' title='bbox 618 2094 651 2129; x_wconf 92' lang='lat' dir='ltr'><strong>V</strong></span> <span class='ocrx_word' id='word_1_245' title='bbox 680 2096 842 2140; x_wconf 79' lang='lat' dir='ltr'><em>fractum</em></span> <span class='ocrx_word' id='word_1_246' title='bbox 874 2095 945 2129; x_wconf 80' lang='lat' dir='ltr'><em>Lat</em></span> <span class='ocrx_word' id='word_1_247' title='bbox 974 2095 1244 2129; x_wconf 74' lang='lat' dir='ltr'><strong><em>7ecu27ent2&#39;bus</em></strong></span> <span class='ocrx_word' id='word_1_248' title='bbox 1276 2093 1352 2137; x_wconf 83' lang='lat' dir='ltr'><em>Heg</em></span> <span class='ocrx_word' id='word_1_249' title='bbox 1382 2106 1607 2139; x_wconf 80' lang='grc' dir='ltr'><em>επιρηγνυμε</em></span> <span class='ocrx_word' id='word_1_250' title='bbox 1612 2106 1679 2129; x_wconf 88' lang='grc' dir='ltr'><em>νον</em></span> <span class='ocrx_word' id='word_1_251' title='bbox 1711 2097 1775 2126; x_wconf 82' lang='lat' dir='ltr'><em>aut</em></span> 
     </span>
     <span class='ocr_line' id='line_1_33' title="bbox 111 2146 1634 2198; baseline -0.004 -10"><span class='ocrx_word' id='word_1_252' title='bbox 111 2146 375 2198; x_wconf 78' lang='grc' dir='ltr'><em>άφηγνυμένον</em></span> <span class='ocrx_word' id='word_1_253' title='bbox 418 2151 568 2186; x_wconf 87' lang='lat' dir='ltr'>Hudson</span> <span class='ocrx_word' id='word_1_254' title='bbox 616 2146 884 2197; x_wconf 79' lang='grc' dir='ltr'><em>απαγνύμενοι</em></span> <span class='ocrx_word' id='word_1_255' title='bbox 927 2151 1068 2195; x_wconf 81' lang='lat' dir='ltr'>Cocceji</span> <span class='ocrx_word' id='word_1_256' title='bbox 1113 2146 1469 2197; x_wconf 73' lang='grc' dir='ltr'><em>άμφιρρηγνύμειον</em></span> <span class='ocrx_word' id='word_1_257' title='bbox 1511 2148 1634 2183; x_wconf 80' lang='lat' dir='ltr'>Naber</span> 
     </span>
     <span class='ocr_line' id='line_1_34' title="bbox 111 2202 1681 2252; baseline -0.003 -9"><span class='ocrx_word' id='word_1_258' title='bbox 111 2212 133 2243; x_wconf 89' lang='grc'>4</span> <span class='ocrx_word' id='word_1_259' title='bbox 164 2205 288 2250; x_wconf 77' lang='grc' dir='ltr'><em>ενὸον,</em></span> <span class='ocrx_word' id='word_1_260' title='bbox 320 2205 340 2244; x_wconf 87' lang='grc' dir='ltr'><em>ε’</em></span> <span class='ocrx_word' id='word_1_261' title='bbox 367 2218 411 2242; x_wconf 78' lang='lat' dir='ltr'><em>ex</em></span> <span class='ocrx_word' id='word_1_262' title='bbox 443 2203 472 2243; x_wconf 78' lang='grc' dir='ltr'><em>(ό</em></span> <span class='ocrx_word' id='word_1_263' title='bbox 506 2218 602 2243; x_wconf 88' lang='lat' dir='ltr'><strong>corr</strong></span> <span class='ocrx_word' id='word_1_264' title='bbox 627 2207 654 2241; x_wconf 92' lang='lat' dir='ltr'>P</span> <span class='ocrx_word' id='word_1_265' title='bbox 758 2204 866 2244; x_wconf 81' lang='grc' dir='ltr'><em>ε’νδον</em></span> <span class='ocrx_word' id='word_1_266' title='bbox 891 2207 1186 2252; x_wconf 77' lang='grc' dir='ltr'><em>ἅσφαλέστατοσ</em></span> <span class='ocrx_word' id='word_1_267' title='bbox 1210 2209 1254 2241; x_wconf 81' lang='lat' dir='ltr'><em>tr.</em></span> <span class='ocrx_word' id='word_1_268' title='bbox 1281 2206 1311 2240; x_wconf 94' lang='lat' dir='ltr'>L</span> <span class='ocrx_word' id='word_1_269' title='bbox 1427 2203 1474 2242; x_wconf 87' lang='grc' dir='ltr'><em>τά</em></span> <span class='ocrx_word' id='word_1_270' title='bbox 1500 2208 1553 2246; x_wconf 85' lang='grc' dir='ltr'><em>τε]</em></span> <span class='ocrx_word' id='word_1_271' title='bbox 1579 2202 1624 2241; x_wconf 80' lang='grc' dir='ltr'><em>τὰ</em></span> <span class='ocrx_word' id='word_1_272' title='bbox 1650 2205 1681 2238; x_wconf 92' lang='lat' dir='ltr'>L</span> 
     </span>
     <span class='ocr_line' id='line_1_35' title="bbox 112 2260 1777 2311; baseline -0.003 -12"><span class='ocrx_word' id='word_1_273' title='bbox 112 2269 131 2299; x_wconf 88' lang='lat'>5</span> <span class='ocrx_word' id='word_1_274' title='bbox 156 2267 226 2311; x_wconf 84' lang='grc' dir='ltr'><em>τῆσ</em></span> <span class='ocrx_word' id='word_1_275' title='bbox 247 2262 382 2311; x_wconf 79' lang='grc' dir='ltr'><em>χώρασ</em></span> <span class='ocrx_word' id='word_1_276' title='bbox 406 2264 436 2298; x_wconf 92' lang='lat' dir='ltr'>L</span> <span class='ocrx_word' id='word_1_277' title='bbox 576 2267 596 2298; x_wconf 82' lang='lat'>6</span> <span class='ocrx_word' id='word_1_278' title='bbox 617 2265 833 2310; x_wconf 82' lang='grc' dir='ltr'><em>χωρίζεται]</em></span> <span class='ocrx_word' id='word_1_279' title='bbox 858 2265 1051 2311; x_wconf 82' lang='grc' dir='ltr'><em>μερίζεται</em></span> <span class='ocrx_word' id='word_1_280' title='bbox 1081 2262 1218 2298; x_wconf 80' lang='lat' dir='ltr'>MVRC</span> <span class='ocrx_word' id='word_1_281' title='bbox 1242 2260 1472 2309; x_wconf 73' lang='grc' dir='ltr'><em>μεριζόμενα</em></span> <span class='ocrx_word' id='word_1_282' title='bbox 1498 2261 1528 2295; x_wconf 91' lang='lat' dir='ltr'>L</span> <span class='ocrx_word' id='word_1_283' title='bbox 1558 2260 1679 2295; x_wconf 73' lang='lat' dir='ltr'><em>diuisa</em></span> <span class='ocrx_word' id='word_1_284' title='bbox 1712 2271 1777 2295; x_wconf 73' lang='lat' dir='ltr'><strong><em>ea:-</em></strong></span> 
     </span>
     <span class='ocr_line' id='line_1_36' title="bbox 109 2312 1778 2367; baseline -0.002 -11"><span class='ocrx_word' id='word_1_285' title='bbox 109 2325 307 2367; x_wconf 81' lang='lat' dir='ltr'><em>portantur</em></span> <span class='ocrx_word' id='word_1_286' title='bbox 330 2321 401 2355; x_wconf 77' lang='lat' dir='ltr'><em>Lat</em></span> <span class='ocrx_word' id='word_1_287' title='bbox 429 2320 648 2365; x_wconf 73' lang='lat' dir='ltr'><em>diffunditur</em></span> <span class='ocrx_word' id='word_1_288' title='bbox 672 2321 748 2363; x_wconf 84' lang='lat' dir='ltr'><em>Heg</em></span> <span class='ocrx_word' id='word_1_289' title='bbox 888 2323 906 2354; x_wconf 86' lang='lat' dir='ltr'>S</span> <span class='ocrx_word' id='word_1_290' title='bbox 933 2314 1000 2356; x_wconf 76' lang='grc' dir='ltr'><em>οὖν</em></span> <span class='ocrx_word' id='word_1_291' title='bbox 1031 2330 1099 2354; x_wconf 89' lang='lat' dir='ltr'><em>om.</em></span> <span class='ocrx_word' id='word_1_292' title='bbox 1125 2319 1155 2352; x_wconf 93' lang='lat' dir='ltr'>L</span> <span class='ocrx_word' id='word_1_293' title='bbox 1276 2316 1416 2364; x_wconf 80' lang='grc' dir='ltr'><em>ταύτησ</em></span> <span class='ocrx_word' id='word_1_294' title='bbox 1441 2318 1471 2352; x_wconf 93' lang='lat' dir='ltr'>L</span> <span class='ocrx_word' id='word_1_295' title='bbox 1617 2320 1637 2351; x_wconf 84' lang='lat'>9</span> <span class='ocrx_word' id='word_1_296' title='bbox 1663 2312 1711 2359; x_wconf 78' lang='grc' dir='ltr'><em>δ’]</em></span> <span class='ocrx_word' id='word_1_297' title='bbox 1739 2317 1778 2353; x_wconf 80' lang='grc' dir='ltr'><em>δὲ</em></span> 
     </span>
     <span class='ocr_line' id='line_1_37' title="bbox 112 2370 1777 2424; baseline -0.001 -12"><span class='ocrx_word' id='word_1_298' title='bbox 112 2378 145 2412; x_wconf 89' lang='grc' dir='ltr'><strong>Α</strong></span> <span class='ocrx_word' id='word_1_299' title='bbox 168 2375 200 2413; x_wconf 79' lang='grc' dir='ltr'><em>δ’</em></span> <span class='ocrx_word' id='word_1_300' title='bbox 229 2371 295 2413; x_wconf 74' lang='grc' dir='ltr'><em>οὖν</em></span> <span class='ocrx_word' id='word_1_301' title='bbox 318 2376 414 2412; x_wconf 83' lang='lat' dir='ltr'><em>VRO</em></span> <span class='ocrx_word' id='word_1_302' title='bbox 532 2381 571 2412; x_wconf 88' lang='lat'><em>10</em></span> <span class='ocrx_word' id='word_1_303' title='bbox 605 2377 782 2424; x_wconf 80' lang='grc' dir='ltr'><em>τιβερείω</em></span> <span class='ocrx_word' id='word_1_304' title='bbox 807 2376 837 2410; x_wconf 93' lang='lat' dir='ltr'>L</span> <span class='ocrx_word' id='word_1_305' title='bbox 953 2372 1185 2422; x_wconf 71' lang='grc' dir='ltr'><em>ἀλεξάνδρω,</em></span> <span class='ocrx_word' id='word_1_306' title='bbox 1216 2372 1240 2410; x_wconf 84' lang='grc' dir='ltr'><em>ά</em></span> <span class='ocrx_word' id='word_1_307' title='bbox 1271 2385 1315 2410; x_wconf 79' lang='lat' dir='ltr'><em>ex</em></span> <span class='ocrx_word' id='word_1_308' title='bbox 1340 2374 1357 2410; x_wconf 85' lang='grc' dir='ltr'><em>ε’·</em></span> <span class='ocrx_word' id='word_1_309' title='bbox 1382 2385 1473 2409; x_wconf 85' lang='lat' dir='ltr'>corr.</span> <span class='ocrx_word' id='word_1_310' title='bbox 1498 2375 1531 2407; x_wconf 93' lang='lat' dir='ltr'>A</span> <span class='ocrx_word' id='word_1_311' title='bbox 1639 2372 1698 2416; x_wconf 85' lang='grc' dir='ltr'><em>τὸ]</em></span> <span class='ocrx_word' id='word_1_312' title='bbox 1730 2370 1777 2410; x_wconf 84' lang='grc' dir='ltr'><em>τό</em></span> 
     </span>
     <span class='ocr_line' id='line_1_38' title="bbox 112 2428 1778 2478; baseline -0.001 -10"><span class='ocrx_word' id='word_1_313' title='bbox 112 2446 153 2469; x_wconf 87' lang='grc' dir='ltr'><em>τε</em></span> <span class='ocrx_word' id='word_1_314' title='bbox 183 2433 357 2468; x_wconf 82' lang='lat' dir='ltr'>Destinon</span> <span class='ocrx_word' id='word_1_315' title='bbox 473 2437 511 2467; x_wconf 86' lang='lat'><em>11</em></span> <span class='ocrx_word' id='word_1_316' title='bbox 546 2434 753 2478; x_wconf 84' lang='grc' dir='ltr'><em>στρατείασ</em></span> <span class='ocrx_word' id='word_1_317' title='bbox 784 2432 812 2467; x_wconf 88' lang='grc' dir='ltr'>Ρ</span> <span class='ocrx_word' id='word_1_318' title='bbox 937 2435 977 2466; x_wconf 84' lang='grc'><em>12</em></span> <span class='ocrx_word' id='word_1_319' title='bbox 1011 2428 1136 2468; x_wconf 73' lang='grc' dir='ltr'><em>αὐτῶν</em></span> <span class='ocrx_word' id='word_1_320' title='bbox 1170 2431 1196 2466; x_wconf 93' lang='lat' dir='ltr'>C</span> <span class='ocrx_word' id='word_1_321' title='bbox 1319 2428 1626 2478; x_wconf 76' lang='grc' dir='ltr'><em>προσλαμβάνοι]</em></span> <span class='ocrx_word' id='word_1_322' title='bbox 1659 2442 1778 2478; x_wconf 82' lang='grc' dir='ltr'><em>προσ-</em></span> 
     </span>
     <span class='ocr_line' id='line_1_39' title="bbox 113 2482 1731 2536; baseline -0.002 -12"><span class='ocrx_word' id='word_1_323' title='bbox 113 2482 274 2536; x_wconf 81' lang='grc' dir='ltr'><em>λάμΙνοι</em></span> <span class='ocrx_word' id='word_1_324' title='bbox 298 2491 329 2523; x_wconf 88' lang='grc' dir='ltr'><strong>Α</strong></span> <span class='ocrx_word' id='word_1_325' title='bbox 354 2486 651 2536; x_wconf 80' lang='grc' dir='ltr'><em>παραλαμβάνοι</em></span> <span class='ocrx_word' id='word_1_326' title='bbox 675 2489 705 2523; x_wconf 87' lang='lat' dir='ltr'>L</span> <span class='ocrx_word' id='word_1_327' title='bbox 807 2485 1032 2536; x_wconf 82' lang='grc' dir='ltr'><em>παραγνοὺσ</em></span> <span class='ocrx_word' id='word_1_328' title='bbox 1055 2488 1082 2522; x_wconf 92' lang='grc' dir='ltr'>Ρ</span> <span class='ocrx_word' id='word_1_329' title='bbox 1109 2484 1405 2533; x_wconf 79' lang='grc' dir='ltr'><em>προσαναγνοὺσ</em></span> <span class='ocrx_word' id='word_1_330' title='bbox 1427 2487 1524 2522; x_wconf 86' lang='lat' dir='ltr'><em>VRC</em></span> <span class='ocrx_word' id='word_1_331' title='bbox 1549 2486 1637 2532; x_wconf 70' lang='lat' dir='ltr'><em>leqit</em></span> <span class='ocrx_word' id='word_1_332' title='bbox 1658 2486 1731 2521; x_wconf 81' lang='lat' dir='ltr'><em>Lat</em></span> 
     </span>
     <span class='ocr_line' id='line_1_40' title="bbox 114 2539 1778 2591; baseline -0.001 -12"><span class='ocrx_word' id='word_1_333' title='bbox 114 2548 155 2579; x_wconf 87' lang='lat'><em>13</em></span> <span class='ocrx_word' id='word_1_334' title='bbox 179 2543 397 2590; x_wconf 76' lang='grc' dir='ltr'><em>προθύμως]</em></span> <span class='ocrx_word' id='word_1_335' title='bbox 423 2539 501 2590; x_wconf 77' lang='grc' dir='ltr'><em>ἅμα</em></span> <span class='ocrx_word' id='word_1_336' title='bbox 527 2543 740 2591; x_wconf 70' lang='grc' dir='ltr'><em>προθύμωσ</em></span> <span class='ocrx_word' id='word_1_337' title='bbox 758 2545 785 2580; x_wconf 86' lang='grc' dir='ltr'>Ο</span> <span class='ocrx_word' id='word_1_338' title='bbox 880 2547 921 2578; x_wconf 80' lang='grc'><em>14</em></span> <span class='ocrx_word' id='word_1_339' title='bbox 939 2541 975 2580; x_wconf 78' lang='grc' dir='ltr'><em>δ’</em></span> <span class='ocrx_word' id='word_1_340' title='bbox 991 2544 1022 2578; x_wconf 90' lang='lat' dir='ltr'>L</span> <span class='ocrx_word' id='word_1_341' title='bbox 1118 2547 1157 2578; x_wconf 82' lang='lat'><em>15</em></span> <span class='ocrx_word' id='word_1_342' title='bbox 1184 2546 1251 2580; x_wconf 86' lang='grc' dir='ltr'><em>τοῦ</em></span> <span class='ocrx_word' id='word_1_343' title='bbox 1277 2539 1420 2589; x_wconf 77' lang='grc' dir='ltr'><em>α’νδρὸσ</em></span> <span class='ocrx_word' id='word_1_344' title='bbox 1444 2542 1571 2578; x_wconf 80' lang='lat' dir='ltr'>LVRG</span> <span class='ocrx_word' id='word_1_345' title='bbox 1665 2555 1778 2589; x_wconf 84' lang='grc' dir='ltr'><em>στρα-</em></span> 
     </span>
     <span class='ocr_line' id='line_1_41' title="bbox 113 2595 1732 2648; baseline -0.003 -12"><span class='ocrx_word' id='word_1_346' title='bbox 113 2602 267 2646; x_wconf 82' lang='grc' dir='ltr'><em>τηγείασ</em></span> <span class='ocrx_word' id='word_1_347' title='bbox 291 2601 317 2636; x_wconf 82' lang='lat' dir='ltr'>C</span> <span class='ocrx_word' id='word_1_348' title='bbox 435 2604 474 2636; x_wconf 91' lang='lat'><em>16</em></span> <span class='ocrx_word' id='word_1_349' title='bbox 505 2598 893 2648; x_wconf 83' lang='grc' dir='ltr'><em>προσπαρεσκεύαζεν</em></span> <span class='ocrx_word' id='word_1_350' title='bbox 916 2602 948 2634; x_wconf 92' lang='grc' dir='ltr'><strong>Α</strong></span> <span class='ocrx_word' id='word_1_351' title='bbox 1064 2595 1178 2648; x_wconf 69' lang='grc' dir='ltr'><em>αὐτῷ]</em></span> <span class='ocrx_word' id='word_1_352' title='bbox 1210 2595 1311 2635; x_wconf 75' lang='grc' dir='ltr'><em>αὐτῶ</em></span> <span class='ocrx_word' id='word_1_353' title='bbox 1335 2597 1401 2645; x_wconf 77' lang='grc' dir='ltr'><em>ἤδη</em></span> <span class='ocrx_word' id='word_1_354' title='bbox 1432 2599 1462 2633; x_wconf 91' lang='lat' dir='ltr'>L</span> <span class='ocrx_word' id='word_1_355' title='bbox 1495 2601 1530 2633; x_wconf 78' lang='lat' dir='ltr'><em>et</em></span> <span class='ocrx_word' id='word_1_356' title='bbox 1552 2598 1635 2634; x_wconf 80' lang='lat' dir='ltr'><strong>fort.</strong></span> <span class='ocrx_word' id='word_1_357' title='bbox 1661 2598 1732 2633; x_wconf 86' lang='lat' dir='ltr'><em>Lat</em></span> 
     </span>
     <span class='ocr_line' id='line_1_42' title="bbox 116 2654 1731 2704; baseline 0 -15"><span class='ocrx_word' id='word_1_358' title='bbox 116 2658 154 2689; x_wconf 85' lang='lat'><em>17</em></span> <span class='ocrx_word' id='word_1_359' title='bbox 189 2656 228 2692; x_wconf 79' lang='grc' dir='ltr'><em>δὲ</em></span> <span class='ocrx_word' id='word_1_360' title='bbox 255 2657 350 2692; x_wconf 88' lang='lat' dir='ltr'><em>VRC</em></span> <span class='ocrx_word' id='word_1_361' title='bbox 469 2657 661 2704; x_wconf 81' lang='grc' dir='ltr'><em>ὃιήγγελον</em></span> <span class='ocrx_word' id='word_1_362' title='bbox 691 2657 718 2691; x_wconf 91' lang='lat' dir='ltr'>C</span> <span class='ocrx_word' id='word_1_363' title='bbox 840 2654 922 2698; x_wconf 85' lang='grc' dir='ltr'><em>τὸν]</em></span> <span class='ocrx_word' id='word_1_364' title='bbox 953 2656 1207 2702; x_wconf 75' lang='lat' dir='ltr'><em>uespasz&#39;anum</em></span> <span class='ocrx_word' id='word_1_365' title='bbox 1231 2656 1302 2689; x_wconf 83' lang='lat' dir='ltr'><em>Lat</em></span> <span class='ocrx_word' id='word_1_366' title='bbox 1419 2658 1458 2690; x_wconf 78' lang='lat'><em>18</em></span> <span class='ocrx_word' id='word_1_367' title='bbox 1490 2654 1564 2696; x_wconf 80' lang='grc' dir='ltr'><em>ἐπὶ]</em></span> <span class='ocrx_word' id='word_1_368' title='bbox 1598 2654 1676 2691; x_wconf 70' lang='lat' dir='ltr'><em>cino</em></span> <span class='ocrx_word' id='word_1_369' title='bbox 1702 2656 1731 2689; x_wconf 92' lang='lat' dir='ltr'>L</span> 
     </span>
    </p>
   </div>
   <div class='ocr_carea' id='block_1_10' title="bbox 117 2706 1777 2758">
    <p class='ocr_par' dir='ltr' id='par_1_11' title="bbox 117 2706 1777 2758">
     <span class='ocr_line' id='line_1_43' title="bbox 117 2706 1777 2758; baseline -0.001 -11"><span class='ocrx_word' id='word_1_370' title='bbox 117 2709 296 2757; x_wconf 72' lang='grc' dir='ltr'><em>ἓόρταζεν</em></span> <span class='ocrx_word' id='word_1_371' title='bbox 318 2713 447 2748; x_wconf 87' lang='lat' dir='ltr'>PALR.</span> <span class='ocrx_word' id='word_1_372' title='bbox 562 2716 603 2748; x_wconf 85' lang='lat'><em>19</em></span> <span class='ocrx_word' id='word_1_373' title='bbox 629 2713 666 2750; x_wconf 81' lang='grc' dir='ltr'><em>δὲ</em></span> <span class='ocrx_word' id='word_1_374' title='bbox 689 2713 816 2748; x_wconf 87' lang='lat' dir='ltr'>melius</span> <span class='ocrx_word' id='word_1_375' title='bbox 840 2713 944 2748; x_wconf 84' lang='lat' dir='ltr'>abest</span> <span class='ocrx_word' id='word_1_376' title='bbox 1056 2710 1151 2758; x_wconf 75' lang='grc' dir='ltr'><em>ὑπὲρ</em></span> <span class='ocrx_word' id='word_1_377' title='bbox 1183 2706 1300 2748; x_wconf 77' lang='grc' dir='ltr'><em>αὗτοῦ</em></span> <span class='ocrx_word' id='word_1_378' title='bbox 1328 2714 1496 2755; x_wconf 82' lang='lat' dir='ltr'>suspecta</span> <span class='ocrx_word' id='word_1_379' title='bbox 1609 2710 1777 2748; x_wconf 78' lang='grc' dir='ltr'><em>ἐπετέλει</em></span> 
     </span>
    </p>
   </div>
   <div class='ocr_carea' id='block_1_11' title="bbox 117 2779 1777 2838">
    <p class='ocr_par' dir='ltr' id='par_1_12' title="bbox 117 2779 1777 2838">
     <span class='ocr_line' id='line_1_44' title="bbox 117 2779 1777 2838; baseline 0.001 -3"><span class='ocrx_word' id='word_1_380' title='bbox 117 2808 161 2833; x_wconf 81' lang='lat' dir='ltr'><em>ex</em></span> <span class='ocrx_word' id='word_1_381' title='bbox 182 2797 297 2836; x_wconf 81' lang='grc' dir='ltr'><em>ἐτέλει</em></span> <span class='ocrx_word' id='word_1_382' title='bbox 321 2812 411 2837; x_wconf 84' lang='lat' dir='ltr'><strong>corr.</strong></span> <span class='ocrx_word' id='word_1_383' title='bbox 436 2802 464 2836; x_wconf 91' lang='lat' dir='ltr'>P</span> <span class='ocrx_word' id='word_1_384' title='bbox 595 2805 636 2836; x_wconf 83' lang='lat'><em>20</em></span> <span class='ocrx_word' id='word_1_385' title='bbox 667 2803 887 2838; x_wconf 85' lang='grc' dir='ltr'><em>παννωνίαν</em></span> <span class='ocrx_word' id='word_1_386' title='bbox 911 2802 951 2836; x_wconf 90' lang='grc' dir='ltr'>Μ</span> <span class='ocrx_word' id='word_1_387' title='bbox 981 2779 1169 2838; x_wconf 58' lang='grc' dir='ltr'><em>παῖονίαν</em></span> <span class='ocrx_word' id='word_1_388' title='bbox 1203 2801 1231 2836; x_wconf 88' lang='lat' dir='ltr'>L</span> <span class='ocrx_word' id='word_1_389' title='bbox 1256 2802 1453 2837; x_wconf 86' lang='grc' dir='ltr'><em>πανωνίαν</em></span> <span class='ocrx_word' id='word_1_390' title='bbox 1479 2801 1505 2835; x_wconf 90' lang='lat' dir='ltr'>C</span> <span class='ocrx_word' id='word_1_391' title='bbox 1644 2797 1777 2838; x_wconf 80' lang='grc' dir='ltr'><em>οὖιτιλ-</em></span> 
     </span>
    </p>
   </div>
   <div class='ocr_carea' id='block_1_12' title="bbox 117 2854 1778 2961">
    <p class='ocr_par' dir='ltr' id='par_1_13' title="bbox 117 2854 1778 2961">
     <span class='ocr_line' id='line_1_45' title="bbox 117 2854 1776 2904; baseline 0.002 -16"><span class='ocrx_word' id='word_1_392' title='bbox 117 2855 200 2890; x_wconf 82' lang='grc' dir='ltr'><em>λιόυ</em></span> <span class='ocrx_word' id='word_1_393' title='bbox 222 2855 352 2891; x_wconf 87' lang='lat' dir='ltr'><strong>PAVR</strong></span> <span class='ocrx_word' id='word_1_394' title='bbox 375 2860 443 2894; x_wconf 83' lang='grc' dir='ltr'><em>τοῦ</em></span> <span class='ocrx_word' id='word_1_395' title='bbox 465 2859 657 2904; x_wconf 80' lang='grc' dir='ltr'><em>βιτελλίου</em></span> <span class='ocrx_word' id='word_1_396' title='bbox 680 2859 719 2892; x_wconf 90' lang='grc' dir='ltr'><strong>Μ</strong></span> <span class='ocrx_word' id='word_1_397' title='bbox 834 2861 875 2894; x_wconf 83' lang='lat'><em>21</em></span> <span class='ocrx_word' id='word_1_398' title='bbox 904 2854 1180 2900; x_wconf 81' lang='grc' dir='ltr'><em>οὗεσπασιανιῦ,</em></span> <span class='ocrx_word' id='word_1_399' title='bbox 1209 2860 1240 2893; x_wconf 82' lang='grc' dir='ltr'><em>ὦ</em></span> <span class='ocrx_word' id='word_1_400' title='bbox 1265 2868 1308 2892; x_wconf 89' lang='lat' dir='ltr'><em>ex</em></span> <span class='ocrx_word' id='word_1_401' title='bbox 1334 2854 1381 2893; x_wconf 86' lang='grc' dir='ltr'><em>ὸσ</em></span> <span class='ocrx_word' id='word_1_402' title='bbox 1406 2868 1497 2892; x_wconf 86' lang='lat' dir='ltr'>corr.</span> <span class='ocrx_word' id='word_1_403' title='bbox 1522 2858 1556 2891; x_wconf 90' lang='lat' dir='ltr'>A</span> <span class='ocrx_word' id='word_1_404' title='bbox 1671 2859 1712 2891; x_wconf 79' lang='lat'><em>22</em></span> <span class='ocrx_word' id='word_1_405' title='bbox 1737 2858 1776 2892; x_wconf 78' lang='grc' dir='ltr'><em>δὲ</em></span> 
     </span>
     <span class='ocr_line' id='line_1_46' title="bbox 119 2909 1778 2961; baseline 0.002 -18"><span class='ocrx_word' id='word_1_406' title='bbox 119 2909 244 2944; x_wconf 87' lang='lat' dir='ltr'>LVRC</span> <span class='ocrx_word' id='word_1_407' title='bbox 349 2910 525 2959; x_wconf 80' lang='grc' dir='ltr'><em>βηρυτὸν,</em></span> <span class='ocrx_word' id='word_1_408' title='bbox 549 2929 570 2960; x_wconf 87' lang='grc' dir='ltr'><em>η</em></span> <span class='ocrx_word' id='word_1_409' title='bbox 593 2915 616 2950; x_wconf 91' lang='lat' dir='ltr'><em>i.</em></span> <span class='ocrx_word' id='word_1_410' title='bbox 641 2924 712 2949; x_wconf 83' lang='lat' dir='ltr'><strong>ras.</strong></span> <span class='ocrx_word' id='word_1_411' title='bbox 736 2913 770 2948; x_wconf 88' lang='lat' dir='ltr'><strong>R</strong></span> <span class='ocrx_word' id='word_1_412' title='bbox 881 2917 1018 2961; x_wconf 83' lang='grc' dir='ltr'><em>παρῆν]</em></span> <span class='ocrx_word' id='word_1_413' title='bbox 1043 2916 1294 2961; x_wconf 79' lang='grc' dir='ltr'><em>παραγίνεται</em></span> <span class='ocrx_word' id='word_1_414' title='bbox 1318 2923 1362 2948; x_wconf 84' lang='lat' dir='ltr'><em>ex</em></span> <span class='ocrx_word' id='word_1_415' title='bbox 1387 2913 1465 2948; x_wconf 82' lang='lat' dir='ltr'><strong>cod.</strong></span> <span class='ocrx_word' id='word_1_416' title='bbox 1491 2915 1596 2949; x_wconf 81' lang='lat' dir='ltr'>Voss.</span> <span class='ocrx_word' id='word_1_417' title='bbox 1620 2912 1778 2948; x_wconf 84' lang='lat' dir='ltr'>Dindorf</span> 
     </span>
    </p>
   </div>
   <div class='ocr_carea' id='block_1_13' title="bbox 1810 406 1890 445">
    <p class='ocr_par' dir='ltr' id='par_1_14' title="bbox 1810 406 1890 445">
     <span class='ocr_line' id='line_1_47' title="bbox 1810 406 1890 445; baseline 0 0"><span class='ocrx_word' id='word_1_418' title='bbox 1810 406 1890 445; x_wconf 88' lang='grc'><em>615</em></span> 
     </span>
    </p>
   </div>
   <div class='ocr_carea' id='block_1_14' title="bbox 1808 754 1889 794">
    <p class='ocr_par' dir='ltr' id='par_1_15' title="bbox 1808 754 1889 794">
     <span class='ocr_line' id='line_1_48' title="bbox 1808 754 1889 794; baseline 0.012 -1"><span class='ocrx_word' id='word_1_419' title='bbox 1808 754 1889 794; x_wconf 89' lang='grc'><em>616</em></span> 
     </span>
    </p>
   </div>
   <div class='ocr_carea' id='block_1_15' title="bbox 1810 1028 1890 1067">
    <p class='ocr_par' dir='ltr' id='par_1_16' title="bbox 1810 1028 1890 1067">
     <span class='ocr_line' id='line_1_49' title="bbox 1810 1028 1890 1067; baseline 0 -1"><span class='ocrx_word' id='word_1_420' title='bbox 1810 1028 1890 1067; x_wconf 86' lang='grc'><em>617</em></span> 
     </span>
    </p>
   </div>
   <div class='ocr_carea' id='block_1_16' title="bbox 1807 1229 1890 1269">
    <p class='ocr_par' dir='ltr' id='par_1_17' title="bbox 1807 1229 1890 1269">
     <span class='ocr_line' id='line_1_50' title="bbox 1807 1229 1890 1269; baseline 0 0"><span class='ocrx_word' id='word_1_421' title='bbox 1807 1229 1890 1269; x_wconf 80' lang='grc'><em>618</em></span> 
     </span>
    </p>
   </div>
   <div class='ocr_carea' id='block_1_17' title="bbox 1810 1500 1890 1540">
    <p class='ocr_par' dir='ltr' id='par_1_18' title="bbox 1810 1500 1890 1540">
     <span class='ocr_line' id='line_1_51' title="bbox 1810 1500 1890 1540; baseline 0.013 -1"><span class='ocrx_word' id='word_1_422' title='bbox 1810 1500 1890 1540; x_wconf 84' lang='grc'><em>619</em></span> 
     </span>
    </p>
   </div>
   <div class='ocr_carea' id='block_1_18' title="bbox 1809 1635 1889 1675">
    <p class='ocr_par' dir='ltr' id='par_1_19' title="bbox 1809 1635 1889 1675">
     <span class='ocr_line' id='line_1_52' title="bbox 1809 1635 1889 1675; baseline -0.013 0"><span class='ocrx_word' id='word_1_423' title='bbox 1809 1635 1889 1675; x_wconf 80' lang='lat'><em>620</em></span> 
     </span>
    </p>
   </div>
  </div>
 </body>
</html>
