2039 3251
38 882 74 915 10

38 1218 73 1250 15

37 1556 75 1588 20

519 150 584 184 DE
612 151 769 185 BELLO
794 150 890 186 ΠΗ).
917 150 966 184 VI
992 153 1165 185 243-251
1192 153 1239 192 (ιν
1263 154 1360 192 3—5)
1686 150 1765 185 545

105 264 329 320 χρήσαιτο,
361 272 454 313 τοῖς
478 259 567 305 ἀπὸ
592 266 679 305 τῶν
701 265 897 318 σπειρῶν
920 262 1166 313 ἐπιλέκτοις
1197 260 1426 307 ὁδοποιεῖν
1449 262 1522 307 διὰ
1545 265 1632 306 τῶν
1655 261 1767 318 ἕρει-

108 336 224 375 πίων
256 330 501 386 προσέταξε
532 333 601 373 καὶ
633 330 682 373 τὸ
717 333 804 385 πῦρ
837 331 1068 385 σβεννύειν.

222 404 259 441 -1,
293 394 404 440 Κατ’
438 398 601 455 ἐκείνην
631 399 710 452 μὲν
742 397 792 453 δὴ
825 398 902 455 την
937 396 1098 454 ἡμέραν
1129 401 1213 440 τῶν
1241 394 1464 441 Ἰουδαίων
1494 398 1690 453 κάματός
1719 414 1766 440 τε

106 469 175 510 καὶ
209 466 481 522 κατάπληξις
513 464 720 521 ἐκράτησε
750 465 829 515 τὰς
860 463 1020 518 ὁρμάς’
1062 468 1115 521 τῇ
1149 462 1190 506 δ’
1229 464 1414 521 ἐπιούσῃ
1454 463 1766 520 συλλεξάμειόί

105 552 152 577 τε
182 534 260 591 τὴν
292 532 412 586 ἰσχυν
444 534 513 575 καὶ
555 529 948 588 ἀναθαρσήσαντες
989 531 1255 574 ἐπεκθέουσι
1296 533 1369 574 διὰ
1398 536 1475 590 της
1508 529 1767 591 ἀνατολικῆς

107 603 246 658 πύλης
284 609 376 650 τοῖς
417 600 578 657 φύλαξι
617 602 693 642 τοῦ
733 599 900 649 ἔξωθεν
934 599 1051 654 ἱεροῦ
1083 602 1186 654 περὶ
1219 600 1423 656 δευτέραν
1455 596 1586 655 ὥραν.
1647 602 1688 644 οἱ
1722 601 1767 643 δὲ

105 670 324 725 καρτερῶς
357 668 436 721 μὲν
477 666 679 717 ἐδέξαντο
720 663 861 708 αὐτῶν
900 665 979 721 τὴν
1021 666 1209 721 ἐμβολὴν
1250 670 1321 710 καὶ
1363 667 1637 724 φραξάμενοι
1674 678 1768 718 τοῖς

105 740 286 791 θυρεοῖς
315 734 423 777 κατὰ
446 738 656 788 μέτωπον
678 729 827 789 ὥσπερ
848 742 990 787 τεῖχος
1013 730 1271 776 ἐπύκνωσαν
1292 734 1369 790 την
1393 735 1608 791 φάλαγγα,
1643 736 1766 791 ὁῆλοι

107 800 146 845 ὁ)
182 794 293 860 ἦσαν
333 798 408 844 οὐκ
448 801 520 844 ἐπὶ
563 800 677 843 πολὺ
720 804 1037 856 συλιιμενοῠντες
1078 798 1246 857 πλήθει
1276 819 1324 844 τε
1353 805 1441 844 τῶν
1482 802 1768 857 ἐκτρεχόντων

104 873 173 913 καὶ
216 874 379 924 θυμοῖς
417 866 675 924 ἡττώμενοι.
745 868 932 924 φθάσας
973 870 1018 913 δὲ
1057 872 1134 927 τῆς
1176 869 1466 926 παρατάξεως
1506 869 1584 925 τὴν
1624 870 1766 926 ῥοπὴν

104 943 291 992 Καῖσαρ,
323 935 533 990 καθεώρα
562 935 644 992 γὰρ
678 932 767 979 ἀπὸ
796 939 873 994 τῆς
898 932 1150 990 Ἀντωνίας,
1185 937 1377 994 έπημυνε
1406 936 1518 990 μετὰ
1548 939 1635 979 τιῦν
1668 937 1767 980 ἑπι-

105 1006 263 1047 λέκτων
296 1004 486 1047 ἱππέων.
541 1000 747 1048 Ἰουδαῖοι
779 1004 825 1047 ὁὲ
848 1004 925 1061 τὴν
957 1004 1120 1062 ἔφοδον
1152 1001 1227 1059 οὗχ
1258 1003 1512 1059 ὑπέμειναν,
1546 1000 1656 1047 ἀλλὰ
1679 1007 1767 1046 τῶν

104 1068 291 1128 πρώτων
323 1070 550 1114 πεσόντων
583 1071 837 1129 ἐτράπησαν
859 1073 901 1115 οἱ
929 1074 1113 1115 πολλοί·
1148 1076 1222 1116 καὶ
1256 1070 1535 1127 ὑποχωροῦσι
1566 1073 1645 1125 μὲν
1676 1081 1769 1121 τοῖς

99 1138 328 1195 Ῥωμαίοις
359 1139 733 1196 ἐπιστρεφόμενοι
764 1143 1063 1196 προσέκειντο,
1097 1142 1491 1195 ιιεταβαλλομένων
1515 1140 1561 1183 δὲ
1584 1135 1770 1196 ἀνέφευ-

1094 1180 1099 1195 ι

103 1224 179 1263 γον
211 1207 360 1259 πάλιν,
394 1207 475 1257 ἕως
506 1209 608 1261 περὶ
641 1210 850 1264 πέμπτην
880 1210 957 1266 τῆς
988 1205 1152 1266 ἡμέρας
1183 1204 1301 1264 ω’ραν
1334 1208 1476 1262 οἱμὲν
1504 1210 1770 1261 βιασθέντες

106 1275 167 1325 εἷς
197 1274 245 1317 τὸ
281 1275 402 1318 ἔνδον
436 1276 811 1333 συνεκλείσθησαν
844 1276 973 1331 ἱερόν,

218 1347 255 1384 5.
293 1346 424 1392 Τίτος
456 1342 501 1384 δὲ
535 1338 804 1400 ἀνεχώρησεν
827 1343 889 1393 εἷς
910 1342 989 1400 τὴν
1016 1338 1255 1385 Ἀντωνίαν
1287 1341 1530 1397 διεγνωκώς
1560 1345 1636 1400 τῆς
1668 1342 1767 1385 ἐπι-

106 1410 236 1467 ούσης
266 1407 430 1468 ἡμέρας
460 1407 547 1452 ’ὑπὸ
580 1409 658 1467 τὴν
686 1410 741 1453 ἕω
772 1410 882 1464 μετὰ
915 1410 1063 1467 πάσης
1094 1410 1300 1464 ἐμβαλεῖν
1331 1412 1409 1467 τῆς
1441 1410 1666 1463 δυνάμεως
1695 1411 1767 1452 καὶ

105 1477 181 1519 τὸν
213 1476 317 1519 ναὸν
353 1487 706 1532 περικατασχεῖν.
767 1481 844 1520 τοῦ
877 1474 916 1520 δ’
955 1475 1040 1534 ἄρα
1079 1478 1390 1534 κατεψήφιστο
1432 1478 1511 1531 μὲν
1542 1476 1590 1520 τὸ
1625 1479 1713 1533 πῦρ
1745 1475 1767 1520 ὅ

105 1544 214 1595 θεὸς
236 1544 389 1595 πάλαι,
422 1547 567 1600 παρῆν
590 1541 632 1587 ὅ)
660 1543 682 1602 ἡ
717 1546 953 1600 εἱμαρμένη
982 1546 1150 1601 χρόνων
1183 1545 1411 1600 περιόδοις
1443 1542 1582 1601 ἡμέρα
1614 1544 1769 1601 δεκάτη

104 1612 245 1654 ,Λώου
276 1612 423 1668 μηνός,
456 1608 565 1654 καθ)
591 1611 642 1668 ἣν
672 1615 744 1655 καὶ
777 1613 994 1669 πρότερον
1024 1610 1112 1655 ὑπὸ
1146 1615 1223 1655 τοῦ
1251 1615 1337 1655 τῶν
1361 1613 1658 1667 Βαβυλωνίων
1689 1616 1771 1667 βα-

106 1681 262 1730 σιλέως
302 1679 570 1737 ἐνεπρήσθη.
632 1677 906 1735 λαμβάνουσι
938 1676 980 1722 δ’
1017 1681 1063 1723 αἱ
1093 1680 1254 1737 φλόγες
1295 1679 1339 1722 ἐκ
1369 1682 1457 1722 τῶν
1489 1680 1661 1722 οἰκείων
1692 1679 1769 1737 τὴν

105 1744 239 1805 ἀρχὴν
270 1749 339 1790 καὶ
372 1746 449 1805 τὴν
483 1747 652 1790 αἰτίαν·
685 1744 1054 1804 ὑποχωρήσαντος
1084 1747 1168 1803 γὰρ
1198 1750 1276 1790 τοῦ
1313 1751 1446 1790 Τίτου
1477 1747 1593 1803 πρὸς
1624 1744 1773 1802 ὀλίγον

108 1814 393 1871 λωφήσαντες
424 1815 466 1857 οἱ
499 1817 765 1858 στασιασταὶ
798 1814 936 1858 πάλιν
966 1823 1061 1866 τοῖς
1088 1813 1318 1870 Ῥωμαίοις
1356 1814 1660 1866 ἐπιτίθενται,
1699 1816 1771 1857 καὶ

218 1926 747 1971 PAMLVRCLatHegesippus
771 1927 804 1962 V
829 1930 871 1961 42
896 1938 931 1971 p.
959 1930 1036 1961 360.
1072 1927 1234 1961 Zonaras
1259 1926 1275 1959 1
1301 1938 1335 1970 p.
1362 1928 1439 1961 540.

218 1985 231 2016 1
258 1981 465 2028 χρήσαιντο
491 1983 663 2018 AMVRG
779 1985 958 2029 σπειρῶν]
991 1985 1158 2029 σπειρῶν
1190 1982 1228 2018 δὲ
1251 1983 1302 2017 R2
1415 1981 1573 2029 ἐριπίων
1596 1981 1681 2017 V¹R

104 2037 314 2084 προσέταξε
340 2036 396 2074 διὰ
423 2042 501 2075 τῶν
524 2038 703 2085 ἐρειπίων
727 2043 772 2074 tr.
798 2039 826 2073 P
934 2041 953 2072 2
978 2035 1022 2074 τὸ
1051 2049 1120 2073 om.
1145 2038 1178 2073 R
1293 2041 1311 2072 3
1337 2038 1406 2082 μὲν
1432 2035 1485 2083 δὴ]
1511 2038 1549 2074 δὲ
1573 2038 1603 2071 L
1629 2037 1771 2082 quidem

105 2093 176 2129 Lat
267 2097 345 2130 τῶν
369 2105 438 2130 om.
459 2095 524 2129 AL
611 2098 688 2131 τῶν
711 2089 900 2130 Ἰουδαίων
924 2105 992 2129 om.
1018 2094 1114 2129 VRC
1207 2097 1227 2127 4
1253 2094 1290 2130 δὲ
1315 2093 1422 2128 MVR
1513 2092 1659 2129 ἐπιοῦσι
1685 2093 1711 2127 C

106 2154 124 2184 5
151 2163 192 2186 τε
217 2149 295 2196 τὴν]
320 2147 387 2196 τήν
411 2163 452 2186 τε
477 2151 509 2184 Α
586 2148 653 2197 τὴν
677 2149 793 2196 ἰσχὺν]
819 2149 889 2186 τὸν
912 2148 1008 2186 λαὸν
1032 2153 1067 2184 et
1090 2151 1113 2185 i.
1139 2160 1250 2194 marg.
1276 2147 1342 2195 τὴν
1367 2147 1473 2195 ἰσχὺν
1497 2150 1526 2184 L
1604 2145 1772 2196 οἷναθαρ-

108 2203 294 2252 ρήσαντεσ
312 2206 338 2240 C
407 2206 645 2248 ἐπεκθέουσι]
664 2205 872 2243 διέκθὲουσι
889 2206 919 2240 L
991 2210 1010 2240 6
1036 2213 1121 2243 τοῖσ
1146 2204 1329 2252 φυλάξασι
1347 2206 1386 2240 Μ
1461 2209 1542 2248 τοῦ]
1560 2212 1646 2242 τοῖσ
1663 2206 1728 2241 VR

106 2256 213 2308 ὥραν
237 2262 415 2309 δευτέραν
438 2264 483 2297 tr.
509 2262 537 2296 P
660 2265 679 2297 S
704 2266 884 2310 θυραιοῖσ
910 2262 936 2297 C
1052 2260 1288 2304 ἐπύκνωσαν]
1313 2259 1532 2298 ἐκύκλωσαν
1556 2262 1586 2296 L
1703 2259 1773 2307 φά-

108 2332 230 2365 ραγγα
255 2318 285 2352 L
386 2321 500 2355 δειλοὶ
524 2318 554 2352 L
653 2322 672 2354 9
698 2314 747 2360 δ’]
774 2332 814 2355 τε
840 2318 934 2353 VRC
1038 2321 1325 2363 συμμενοῦντες]
1351 2319 1494 2353 Bekker
1518 2317 1774 2363 συμμένοντεσ

107 2374 209 2409 codd.
234 2374 433 2410 duraturos
455 2375 526 2410 Lat
598 2377 638 2408 10
663 2369 868 2418 ἡττόμενοι
891 2372 955 2407 PA
1033 2376 1069 2408 11
1099 2372 1184 2419 γὰρ]
1213 2373 1251 2409 δὲ
1274 2372 1304 2406 L
1330 2383 1412 2407 nam
1437 2372 1509 2407 Lat
1592 2369 1772 2416 ἐπαμύνει

107 2429 137 2463 L
160 2430 258 2464 haud
282 2431 374 2464 male
514 2433 554 2465 12
580 2430 752 2471 ἰουδαῖοι,
775 2429 842 2463 litt.
869 2431 967 2464 δαῖοι
992 2429 1108 2474 suppl.
1134 2429 1158 2463 i.
1184 2439 1294 2472 marg.
1319 2428 1345 2462 C
1500 2432 1539 2463 14
1564 2424 1597 2464 δ’
1623 2428 1683 2463 LC

111 2488 151 2520 15
175 2485 357 2533 πέμπτην,
382 2500 403 2522 ν
428 2497 470 2521 ex
495 2500 518 2522 σ
544 2497 635 2521 corr.
660 2487 693 2519 A
811 2488 848 2518 17
876 2482 914 2519 δ’
940 2485 966 2519 C
1083 2484 1147 2527 εἰς]
1172 2484 1234 2521 ἐπὶ
1258 2485 1288 2519 L
1405 2487 1449 2530 τῆ
1473 2481 1628 2530 ε’πιούση
1653 2480 1773 2530 ἡμέρα

108 2541 244 2577 MVRO
361 2546 401 2578 18
425 2540 627 2588 ἐμβάλλειν
651 2543 684 2575 Α
802 2544 843 2576 19
868 2541 907 2577 δὲ
931 2541 1066 2576 MVRC
1188 2537 1208 2577 ὃ
1235 2539 1333 2578 θεὸσ
1367 2539 1484 2578 πάλαι
1508 2537 1553 2576 τὸ
1579 2543 1653 2585 πῦρ
1676 2545 1721 2574 tr.
1746 2539 1774 2574 P

111 2594 131 2633 ὁ
156 2594 254 2634 θεὸσ
272 2595 317 2635 τὸ
338 2601 411 2645 πῦρ
436 2597 552 2636 πάλαι
576 2603 621 2632 tr.
647 2597 677 2631 L
761 2593 794 2638 ὃ]
821 2593 878 2632 ὡσ
895 2597 922 2632 C
1004 2597 1049 2633 τὸ
1068 2600 1155 2644 πῦρ]
1180 2598 1262 2633 fort.
1288 2598 1450 2642 spurium
1474 2594 1630 2643 φθορὰν
1653 2596 1728 2631 Zon

111 2677 153 2710 20
179 2676 217 2713 δὲ
240 2677 338 2712 LVR
421 2673 455 2723 ἢ]
480 2678 544 2713 καὶ
561 2676 590 2710 L
673 2655 803 2723 χρόνω
827 2677 861 2709 A
940 2677 1120 2722 περίοδος
1145 2676 1292 2711 Hudson
1316 2686 1396 2711 cum
1421 2675 1600 2719 Scaligero
1682 2687 1776 2721 παρ-

110 2733 156 2777 ῆν
177 2752 222 2757 -—
247 2736 286 2767 21
312 2733 441 2779 μηνός]
473 2733 699 2777 euolutz'sque
730 2731 953 2777 temporibus
983 2731 1112 2767 aderat
1138 2732 1271 2777 fatalis
1294 2731 1389 2774 dies,
1422 2732 1488 2776 qui
1516 2735 1594 2766 erat
1617 2731 1775 2766 decimus

111 2788 241 2822 mensis
264 2788 412 2833 auqusn‘
434 2789 506 2824 Lat
578 2788 644 2823 Loi
672 2791 723 2823 10.
750 2788 825 2823 dies
849 2791 904 2823 est
929 2790 982 2822 29.
1008 2789 1162 2831 Augusti
1186 2788 1249 2829 (IV
1272 2789 1308 2823 k.
1335 2788 1445 2832 Sept.)
1470 2787 1554 2822 anni
1578 2787 1708 2822 Iuliani
1733 2790 1774 2821 70

113 2852 148 2885 p.
174 2842 256 2878 Chr.
363 2845 425 2879 καὶ
450 2842 494 2880 τὸ
520 2838 715 2890 πρότερον
739 2843 833 2879 VRC
926 2846 1004 2879 τῶν
1028 2854 1096 2879 om.
1121 2844 1151 2878 L
1268 2847 1310 2879 22
1335 2844 1373 2880 δὲ
1397 2843 1496 2878 LVR
1610 2843 1774 2883 οἰκείων]

116 2896 245 2932 οἰκιῶν
268 2898 372 2932 ALat
463 2902 506 2934 23
530 2903 600 2937 τοῦ
623 2909 693 2935 om.
719 2899 749 2933 L
843 2902 885 2934 24
909 2897 1149 2945 λοφήσαντεσ
1173 2899 1234 2934 RO

187 2957 327 2993 Iosephus
343 2959 398 2987 VI.
1461 2956 1502 2988 35

1798 399 1879 439 244

1799 602 1878 641 245

1798 872 1880 911 246

1800 1006 1879 1045 247

1800 1074 1880 1114 2453

1799 1343 1880 1382 249

1801 1478 1881 1517 250

1801 1681 1824 1720 10

1832 1694 1854 1720 ζ)
1834 1682 1849 1691 l

1864 1682 1879 1719 ...ι
