2018 3236
166 245 218 286 68

165 513 217 552 ὅθ

250 130 329 167 284
656 126 722 160 DE
748 124 906 160 BELLO
931 123 1029 159 IUD.
1054 123 1108 157 111
1131 125 1262 157 68—73
1290 126 1336 162 (w
1363 128 1392 155 2.
1418 127 1438 152 v
1465 124 1494 165 1)

252 240 404 294 συχνὸν
437 239 483 281 δὲ
513 239 581 280 καὶ
616 236 739 290 παρὰ
771 238 857 278 τῶν
887 236 1106 289 βασιλέων
1139 233 1331 315 συνήχθη
1366 231 1646 288 συμμαχικόν,
1673 230 1897 290 Ἀντιόχου

247 309 326 362 μὲν
347 324 418 348 και
436 302 663 386 Αγρίππα
684 304 756 345 καὶ
778 306 1007 355 Σοαίμου
996 304 1343 357 παρασχομένων
1365 298 1448 343 ανὰ
1471 301 1711 355 δισχιλίους
1741 302 1897 354 πεζοὺς

248 374 431 423 τοξότας
460 374 532 414 καὶ
558 373 727 425 χιλίους
760 371 935 422 ἱππεῖς,
975 371 1051 412 τοῦ
1083 369 1130 412 δὲ
1151 366 1343 426 Ἄραβος
1372 369 1559 422 ,Μάλχου
1587 369 1754 422 χιλίους
1784 374 1899 423 πέμ-

248 450 417 531 ψαζντος
465 440 620 489 ἱππεῖς
666 437 743 482 ἐπὶ
786 437 938 489 πεζοῖς
982 437 1375 490 πεντακισχιλίοις,
1421 440 1481 478 ῶν
1525 435 1573 479 τὸ
1616 437 1751 479 πλέον
1789 437 1900 491 ἦσαν

248 507 449 558 τοξόται,
481 504 541 556 ῶς
561 505 639 561 τὴν
660 508 811 549 πᾶσαν
835 506 1017 560 δύναμιν
1045 504 1515 559 συνεξαριθμουμένων
1545 506 1632 546 τῶν
1661 505 1901 559 βασιλικῶν

247 576 418 625 ἱππέας
437 590 485 616 τε
503 575 577 616 καὶ
607 572 766 624 πεζοὺς
797 573 860 624 εἷς
890 573 938 623 ἓξ
967 569 1266 628 ἀθροίζεσθαι
1295 571 1513 626 μυριάδας
1544 571 1643 625 δίχα
1672 572 1901 627 θεραπόν-

246 660 353 695 των,
394 644 437 685 οἳ
476 642 769 698 παμπληθεῖς
807 641 885 695 μὲν
927 641 1127 692 είποντο,
1169 639 1242 683 διὰ
1283 640 1330 682 δε
1361 654 1626 695 συνασκησιν
1659 639 1901 694 πολεμικὴν

247 703 361 753 οὐκ
345 728 396 752 αν
419 705 751 752 αποτάσσοιντο
776 711 854 751 τοῦ
884 712 1089 763 μαχίμου,
1120 707 1230 750 κατὰ
1261 707 1339 761 μὲν
1370 706 1542 764 ειρήνην
1573 706 1617 749 ἓν
1647 716 1745 756 ταῖς
1774 708 1901 761 μελέ-

244 794 343 827 ταις
371 780 458 820 τῶν
490 778 717 819 δεσποτῶν
749 772 816 819 αεὶ
851 773 1155 833 στρεφόμενοι,
1188 773 1585 830 συγκινδυνευοντες
1617 770 1656 816 δ
1693 774 1736 817 ἐν
1766 776 1902 818 πολέ-

246 862 365 900 μοις,
413 842 473 895 ῶς
516 841 620 900 μήτ’
671 845 880 901 ἐμπειρίᾳ
922 840 1025 900 μήτ)
1077 839 1183 900 ἀλκῇ
1228 859 1347 892 τινος
1389 842 1504 900 πλὴν
1549 845 1634 885 τῶν
1674 842 1903 885 δεσποτῶν

246 913 557 956 ἐλαττοῦσθαι.

1393 982 1413 997 Ἃ
1466 986 1477 1001 t

357 994 406 1036 V.
449 997 486 1035 1.
517 987 614 1034 Κάν
634 1008 776 1047 τουτω
807 990 885 1044 μὲν
918 1007 992 1033 ουν
1023 985 1257 1071 θαυμάσαι
1288 1006 1355 1040 τις
1386 1006 1437 1031 αν
1472 993 1688 1043 Ρωμαίων
1717 987 1766 1031 τὸ
1791 1005 1901 1044 προ-

244 1060 388 1116 μηθὲς
434 1059 870 1113 κατασκειαζομένων
911 1057 1084 1107 εαυτοῐς
1122 1055 1170 1099 τὸ
1206 1055 1419 1099 οἰκετικὸν
1460 1074 1508 1098 0L
1547 1055 1682 1110 μόνον
1723 1056 1785 1106 εἰς
1823 1055 1902 1106 τὰς

244 1129 321 1169 τοῦ
346 1131 446 1181 βίου
479 1127 703 1176 διακονίας
735 1124 846 1168 ἀλλὰ
876 1127 948 1168 καὶ
980 1124 1094 1180 πρὸς
1123 1123 1224 1174 τοὺς
1255 1125 1478 1178 πολέμους
1505 1123 1731 1180 χρήσιμον.
1784 1123 1823 1165 εἰ
1854 1123 1902 1165 δέ

245 1210 313 1243 τις
353 1190 494 1236 αὐτῶν
524 1197 597 1237 καὶ
630 1194 692 1244 εἰς
721 1193 799 1248 τὴν
831 1190 964 1248 ἄλλην
996 1192 1198 1242 σύνταξιν
1228 1194 1304 1249 τῆς
1336 1193 1543 1246 στρατιᾶς
1575 1187 1751 1242 ἀπίδοι,
1790 1190 1901 1245 γνώ-

249 1277 372 1304 σεται
416 1261 493 1317 τὴν
538 1262 721 1318 τοσήνδε
765 1258 999 1317 ἡγεμονίαν
1041 1256 1197 1308 αὐτοὺς
1237 1255 1391 1314 ἀρετῆς
1428 1261 1569 1316 κτῆμα
1607 1258 1802 1312 ἔχοντας,
1850 1254 1899 1300 οὗ

248 1329 387 1383 δῶρον
425 1329 565 1386 τύχης.
627 1325 675 1371 οὗ
706 1328 787 1384 γὰρ
820 1325 970 1378 αὐτοῖς
1002 1324 1107 1384 ἀρχὴ
1139 1329 1225 1369 τῶν
1256 1322 1408 1369 ὅπλων
1438 1326 1653 1380 πόλεμος,
1694 1321 1788 1369 οὐδ’
1825 1324 1900 1368 ἐπὶ

246 1396 384 1450 μόνας
414 1396 493 1447 τὰς
519 1401 670 1452 χρείας
700 1395 760 1438 τῶ
788 1405 906 1450 χεῖρε
935 1398 1128 1438 κινοῦσιν
1161 1393 1205 1436 ἓν
1236 1393 1381 1451 εἰρήνῃ
1413 1393 1755 1451 προηργηκότες,
1799 1388 1895 1435 ἀλλ’

247 1459 399 1516 ὥσπερ
441 1464 774 1521 συμπεφυκότες
813 1472 907 1514 τοῖς
938 1460 1096 1513 ὅπλοις
1127 1458 1339 1505 οὐδέποτε
1370 1464 1446 1519 τῆς
1478 1457 1700 1517 ἀσκήσεως
1730 1459 1900 1514 λαμβά-

249 1547 396 1574 νουσιν
437 1530 672 1587 ἐκεχειρίαν
712 1528 811 1573 οὐδὲ·
851 1527 1140 1585 ἀναμένουσιν
1178 1529 1280 1580 τοὺς
1319 1529 1510 1584 καιρούς.
1568 1529 1614 1571 αἱ
1644 1530 1824 1583 μελέται
1855 1528 1879 1569 δ

248 1595 396 1648 αὐτοῖς
417 1596 541 1642 οὐδὲν
562 1600 639 1655 τῆς
659 1597 769 1640 κατὰ
796 1595 1010 1656 ἀλήθειαν
1043 1594 1241 1647 εὐτονίας
1272 1593 1553 1649 ἀποδέουσιν,
1586 1592 1684 1638 ἀλλ’
1721 1595 1900 1646 ἕκαστος

358 1821 666 1857 PALMVRCLat
711 1820 838 1856 Suidas
863 1831 891 1857 S.
917 1820 1115 1868 ἐκεχειρία.

361 1894 380 1924 2
406 1890 548 1935 σοέμου
570 1888 706 1924 MVRC
730 1901 872 1924 soemus
895 1889 966 1924 Lat
1065 1892 1084 1923 3
1109 1888 1284 1923 malichus
1299 1889 1370 1923 Lat
1461 1892 1481 1923 4
1504 1886 1645 1933 πεζοὺσ
1669 1903 1901 1936 πεντακισχι-

245 1949 353 1984 λιόυσ
378 1947 409 1981 V
525 1952 543 1982 5
569 1946 898 1994 ἐξαριθμουμένων
923 1945 1019 1979 PAV
1045 1944 1402 1990 συναριθμουμένων
1425 1944 1464 1979 Μ
1579 1948 1598 1979 6
1629 1945 1681 1987 εἰς
1705 1957 1732 1981 s.
1759 1946 1786 1980 P

245 2002 286 2046 ἓξ
304 2024 344 2028 -
364 2001 554 2050 μυριάδας]
585 2002 703 2037 decem
727 2002 826 2037 milia
850 2004 920 2037 Lat
1041 2006 1058 2035 7
1086 1999 1123 2037 οἳ
1146 2003 1383 2046 παμπληθεῖς
1406 2001 1475 2045 μὲν
1499 1998 1653 2037 εἵποντο
1679 2012 1746 2036 om.
1772 2002 1811 2035 M

246 2063 264 2094 8
292 2054 587 2101 ἀποτάσσοιντο,
612 2073 671 2095 σοι
697 2059 718 2093 i.
745 2069 816 2094 ras.
842 2061 885 2100 A,
910 2073 944 2095 ιν
968 2058 990 2093 i.
1016 2068 1086 2092 ras.
1112 2058 1144 2092 V
1214 2061 1233 2091 9
1260 2058 1330 2093 αἰεὶ
1354 2056 1481 2092 LVRO
1562 2053 1620 2093 ἀεὶ
1645 2056 1900 2104 στρεφόμενοι

243 2117 267 2150 i.
292 2126 362 2150 ras.
387 2116 421 2148 A
523 2111 871 2152 συνκινδυνεὺοντεσ
895 2116 974 2150 LO¹
1066 2114 1104 2150 δὲ
1127 2113 1222 2148 VRC
1336 2112 1489 2157 πολέμω
1515 2113 1542 2147 C
1660 2117 1698 2148 10
1723 2111 1815 2159 μήτε
1839 2114 1900 2160 ἐμ-

244 2174 368 2220 πειρία
393 2172 460 2207 VR
596 2170 797 2217 ἐμπειρίασ
831 2170 922 2205 PAO
947 2170 1232 2215 ἐμπειεμπειρία
1257 2167 1376 2212 (ἐμπει
1401 2171 1617 2213 expunctum
1641 2181 1686 2204 m.
1714 2172 1747 2213 2)
1771 2170 1804 2206 V

241 2225 333 2273 μήτε
357 2228 390 2263 R
526 2223 645 2271 οἷλκῆσ
668 2227 760 2262 PAO
922 2229 960 2261 12
992 2227 1014 2261 i.
1047 2236 1156 2269 marg.
1183 2229 1201 2263 ξ
1227 2225 1253 2259 C
1412 2222 1545 2273 τούτῳ]
1577 2228 1671 2262 τῶδε
1711 2229 1831 2268 (τῶιδε
1854 2228 1899 2270 V)

241 2284 309 2319 VR
445 2281 686 2328 θαυμάσαιτο
713 2283 806 2318 LRC
830 2277 1069 2328 θαυμάσοιτο
1094 2282 1127 2316 V
1264 2278 1310 2318 ἄν
1335 2291 1401 2316 om.
1426 2281 1490 2315 PA
1630 2286 1669 2316 15
1695 2286 1764 2329 τῆσ
1789 2296 1900 2330 στρα-

244 2387 329 2421 τιᾱσ
355 2382 526 2427 σύνταξιν
550 2388 595 2419 tr.
613 2385 707 2419 VRC
788 2355 911 2420 gamm
930 2383 963 2418 V
1046 2385 1085 2416 16
1109 2384 1244 2427 κτῆμα]
1267 2379 1438 2427 καύχημα
1463 2381 1491 2415 Ρ
1574 2386 1612 2416 17
1640 2385 1765 2430 δῶρον
1787 2383 1820 2418 V

243 2438 357 2486 LL'vxrlo
381 2443 505 2484 δῶρον
530 2444 575 2476 tr.
601 2440 638 2473 M
755 2438 775 2476 ὃ
802 2438 975 2485 πόλεμοσ
998 2438 1164 2474 MLVRC
1281 2433 1365 2473 οὐδὲ
1388 2437 1515 2472 LVRC
1633 2441 1673 2472 18
1695 2439 1851 2484 χρειάσ,
1877 2453 1899 2487 ρ

243 2506 271 2531 s.
297 2497 330 2530 A
423 2496 488 2537 τιὸ]
514 2495 558 2532 τὸ
583 2497 631 2531 V¹
656 2493 702 2533 τὰ
729 2496 772 2531 C¹
864 2495 905 2532 ἐν
930 2492 1054 2542 εἰρήνῃ
1079 2490 1374 2541 προηργηκότες]
1400 2505 1478 2528 cum
1503 2495 1539 2528 in
1557 2495 1667 2539 pacis
1690 2495 1761 2529 otio
1785 2505 1900 2530 cessa-

243 2596 361 2630 verint
391 2596 461 2630 Lat
621 2567 883 2644 προηῗκηκότεσ
913 2598 947 2631 Α
971 2593 1233 2642 ἅπηργηκότεσ
1264 2598 1298 2629 et
1321 2595 1344 2629 i.
1377 2605 1487 2638 marg.
1512 2608 1559 2640 γρ
1584 2590 1837 2641 α’πειρηκότεσ
1860 2595 1899 2629 Μ

245 2646 497 2698 οἷπειρηκότεσ
521 2653 616 2688 VRC
718 2656 756 2688 19
791 2648 1032 2700 ῶσπερ-20
1063 2651 1273 2698 ἐκεχειρίαν
1304 2650 1411 2685 habet
1441 2650 1528 2685 Suid
1653 2657 1735 2693 τοῖς
1768 2645 1899 2692 ὅπλοις

1237 2710 1284 2760 βχ
1539 2720 1604 2760 ,α

245 2751 530 2798 συμπεφυκότες
554 2755 597 2788 tr.
616 2753 703 2787 Suid
785 2756 826 2788 20
851 2751 1085 2800 ἐκκεχειρίαν
1108 2752 1156 2787 R²
1227 2762 1318 2786 τουσ
1341 2763 1499 2796 καιρουσ
1524 2749 1751 2794 αναμένουσι
1763 2751 1854 2786 tr.V

247 2809 285 2844 δὲ
308 2808 403 2844 VRC
520 2811 558 2843 21
586 2805 678 2845 κατ’
702 2809 741 2844 Μ
857 2806 1039 2851 εὐτονίας]
1066 2806 1271 2851 εὖτολμίασ
1293 2806 1388 2842 VRG
1505 2802 1743 2848 ἀποδέουσιν]
1768 2806 1899 2841 discre-

238 2870 335 2910 pant
358 2864 429 2898 Lat

1932 511 1950 543 5

1933 847 1969 881 10

1933 1195 1968 1227 15

1887 1524 1968 1564 '20
