1987 3246
173 150 223 184 VI
895 144 1085 179 Praefatio.

172 262 349 316 paginas
367 260 498 301 habet
514 262 617 311 4663
639 259 820 312 paginae
838 257 1088 299 tricenorum
1106 258 1297 301 binorum
1314 270 1509 300 uersuum
1527 263 1630 300 sunt.
1665 271 1825 301 correc-

173 334 290 370 turae
322 328 362 367 in
395 339 443 366 eo
475 338 553 367 nec
574 325 731 365 multae
762 327 857 365 sunt
876 335 955 365 nec
975 336 1140 376 graues,
1172 337 1279 377 quae
1301 324 1470 378 quidem
1492 338 1636 368 omnes
1657 330 1826 379 praeter

172 406 328 447 paucas
352 393 405 433 ab
431 392 524 445 ipso
547 391 686 433 scriba
706 394 779 432 aut
798 390 968 443 aequali
989 390 1124 432 factae
1146 391 1352 445 uidentur,
1385 391 1556 433 dubium
1578 397 1716 434 tamen
1749 396 1824 444 est,

172 464 307 502 utrum
341 459 461 500 unius
497 471 550 498 an
590 457 765 499 duarum
805 470 1001 498 manuum
1041 458 1134 498 sint.
1193 458 1235 498 in
1273 459 1461 511 margine
1490 459 1698 512 ascriptae
1730 462 1825 500 sunt

172 527 316 568 uariae
347 525 550 567 lectiones
589 537 671 566 non
702 525 857 566 multae
889 524 1057 577 aliaque
1097 523 1415 575 adnotamenta,
1454 526 1570 567 uelut
1599 526 1656 566 IV
1688 527 1738 566 63
1770 524 1825 567 ad

170 589 532 645 Ὑπερβερεταίου
574 595 690 633 extat
730 586 994 644 ὄκτωβρίου,
1034 591 1091 631 IV
1123 591 1203 631 389
1234 591 1289 632 ad
1319 592 1621 645 τυραννιῶντιε
1663 589 1824 632 ἐπιθυ-

172 660 324 712 μοῦντι
362 657 637 711 τυραννίδος,
677 658 734 700 IV
774 661 854 699 452
899 652 1023 706 ὅπως
1063 656 1279 699 διάκειται
1318 653 1342 713 ἡ
1382 656 1513 706 πόλις
1554 657 1719 711 ἱέριχω,
1768 658 1826 700 IV

173 774 196 819 ξ
220 772 299 812 484
330 784 381 824 ση
405 768 448 810 ἐν
469 768 609 811 τούτω
631 770 701 811 καὶ
724 766 745 810 ὁ
768 772 902 823 μέγας
934 764 1048 810 αὐτῶ
1082 767 1132 809 ἰῶ
1167 765 1188 810 ὁ
1219 736 1246 820 Ξ
1275 776 1511 823 συμφωνεῖ,
1543 769 1644 811 ibid.
1665 770 1722 811 IV
1746 772 1821 811 491

174 883 358 934 νέρωνος
397 880 571 936 τελευτὴ
610 883 682 924 καὶ
710 849 735 933 Ξ
767 883 843 936 τῆς
883 877 1015 922 αἰτοῦ
1044 844 1150 933 βασλι
1182 882 1227 934 ἦ)
1257 881 1328 922 καὶ
1359 856 1418 934 'ff
1451 882 1474 936 ἦ
1501 882 1669 934 aliaque
1689 881 1820 934 plura,

174 963 281 1002 quae
304 949 475 1002 quidem
498 950 639 991 omnia
660 962 784 991 manu
806 949 943 1003 prima
964 962 1046 990 una
1067 962 1160 990 cum
1182 949 1363 1002 Iosepho
1386 953 1560 991 exarata
1576 952 1682 990 sunt.
1743 948 1829 989 alia

174 1016 357 1057 maxime
388 1029 527 1058 rerum
559 1016 719 1058 indices
750 1017 791 1057 in
823 1016 1012 1068 margine
1041 1016 1209 1057 addidit
1228 1029 1374 1057 manus
1404 1028 1562 1058 recens.
1622 1015 1664 1056 in
1695 1015 1829 1056 fronte

175 1083 215 1124 in
248 1082 393 1124 charta
433 1083 696 1136 agglutinata
733 1096 880 1125 manus
911 1083 1069 1125 saeculi
1098 1083 1187 1124 fere
1217 1082 1317 1124 XVI
1348 1083 1514 1136 scripsit
1543 1081 1828 1124 laudationem

176 1149 352 1202 uirginis
392 1150 551 1192 Mariae
573 1152 610 1199 ¹).
674 1163 759 1192 non
798 1150 960 1202 integer
1000 1163 1108 1191 nunc
1148 1153 1211 1191 est
1245 1149 1401 1203 codex3
1441 1149 1688 1192 exciderunt
1718 1148 1830 1190 enim

177 1220 273 1268 post
302 1217 373 1258 fol.
409 1220 427 1257 1
462 1217 566 1258 folia
596 1222 771 1270 septem,
803 1217 845 1257 in
876 1216 1026 1269 quibus
1058 1217 1221 1258 inerant
1251 1230 1358 1269 quae
1389 1230 1428 1269 p.
1462 1220 1562 1270 5,ss
1589 1240 1640 1244 —-
1663 1230 1702 1269 p.
1727 1217 1827 1268 20‚1

177 1288 333 1325 extant.
404 1283 559 1326 deinde
589 1296 664 1326 sex
694 1284 789 1325 aliis
820 1283 931 1325 foliis
963 1283 1127 1325 omissis
1160 1284 1371 1325 intercidit
1399 1283 1493 1326 finis
1524 1284 1620 1325 libri
1650 1283 1760 1325 sexti
1791 1286 1832 1324 et

177 1351 339 1392 initium
380 1350 549 1404 septimi
581 1344 750 1402 (ὅρκους
771 1363 810 1402 p.
835 1352 928 1403 563,
945 1352 993 1389 12
1019 1372 1066 1377 —
1091 1348 1268 1403 πλῆθος
1288 1363 1328 1403 p.
1351 1353 1538 1404 577‚15).
1599 1351 1675 1393 sub
1705 1350 1831 1392 finem

177 1417 336 1459 codicis
368 1418 558 1470 margine
597 1420 792 1470 corrupto
831 1417 988 1470 passim
1028 1417 1193 1458 litterae
1231 1418 1394 1470 aliquot
1431 1423 1502 1459 aut
1538 1418 1705 1460 excisae
1737 1422 1831 1459 sunt

176 1488 248 1526 aut
285 1488 557 1537 euanuerunt,
589 1488 773 1526 ceterum
796 1484 953 1536 optime
975 1497 1001 1524 a
1016 1484 1187 1525 librario
1211 1483 1334 1526 docto
1357 1488 1399 1526 et
1420 1484 1613 1537 diligenti
1635 1489 1831 1526 exaratus

176 1556 250 1593 est.
310 1551 397 1593 iota
427 1551 541 1604 quod
571 1552 798 1604 ascriptum
830 1550 983 1592 dicitur
1013 1564 1106 1592 raro
1138 1551 1319 1604 positum
1351 1555 1432 1604 est3
1464 1551 1517 1593 ab
1548 1547 1660 1607 ἥιειν
1690 1556 1831 1594 tamen

176 1624 216 1660 et
247 1614 384 1673 ἤιδειν
417 1619 556 1661 uerbis
587 1631 669 1660 non
699 1618 849 1660 abesse
872 1618 1000 1671 solet3
1032 1619 1056 1658 33
1089 1615 1396 1672 ἐφελκυστικὸν
1418 1631 1547 1671 saepe
1578 1619 1704 1661 etiam
1734 1624 1831 1661 ante

176 1690 454 1728 consonantes
479 1686 639 1728 litteras
670 1686 849 1739 ponitur.
902 1689 1031 1727 totum
1059 1686 1233 1727 contulit
1253 1685 1435 1728 Niesius.
1486 1690 1611 1728 antea
1640 1699 1738 1729 usus
1770 1690 1832 1728 est

175 1752 451 1795 Cardwellus.

291 1833 328 1872 2.
360 1832 408 1872 A.
461 1831 597 1874 codex
627 1832 931 1873 Ambrosianus
964 1832 1001 1872 D
1032 1831 1248 1885 superiore
1281 1835 1354 1885 50,
1394 1832 1584 1874 Parisino
1622 1835 1663 1873 et
1692 1835 1831 1873 aetate

177 1902 220 1939 et
266 1898 498 1951 scripturae
546 1912 700 1951 genere
747 1904 831 1941 tam
881 1899 1050 1952 similis,
1099 1904 1143 1939 ut
1188 1899 1276 1941 fere
1322 1900 1528 1952 gemellus
1576 1899 1664 1940 eius
1704 1898 1833 1939 frater

177 1963 263 2005 dici
303 1964 448 2016 possit.
521 1967 706 2007 continet
744 1967 926 2019 primum
966 1966 1068 2007 belli
1099 1965 1260 2008 Iudaici
1296 1967 1424 2008 libros
1455 1970 1637 2019 septem,
1677 1964 1833 2008 deinde

177 2032 473 2084 antiquitatum
503 2033 602 2074 libri
624 2033 665 2074 II
695 2037 858 2086 partem
891 2033 1167 2086 posteriorem
1200 2032 1314 2081 (uide
1334 2032 1504 2086 Iosephi
1535 2033 1617 2075 uol.
1648 2031 1669 2072 I
1699 2033 1830 2086 praef.

177 2111 217 2150 p.
258 2098 443 2151 XXIX),
500 2099 683 2152 denique
736 2100 924 2152 sequitur
976 2100 1018 2140 in
1074 2100 1327 2141 membranis
1377 2112 1505 2153 saepe
1559 2099 1708 2141 laceris
1761 2104 1833 2140 aut

176 2164 342 2206 detritis
373 2165 520 2218 cyrilli
563 2167 605 2207 in
646 2167 807 2208 LXXV
849 2166 1136 2208 hebdomadas
1177 2166 1367 2208 Danielis
1408 2166 1731 2208 commentarius
1771 2167 1832 2208 sic

181 2232 424 2285 inscriptus:

177 2309 507 2341 καιχρυσοστομου
573 2311 597 2342 χ

340 2344 513 2395 κυριλου
547 2360 600 2398 αρ
633 2342 939 2397 αλεξανόρε·ιας
970 2359 1032 2393 εις
1062 2359 1140 2392 τας
1173 2345 1220 2386 δῖε
1251 2342 1496 2396 εβόομαὸας
1525 2359 1601 2384 του
1633 2341 1795 2398 ὄανηηλ

181 2421 465 2464 Mediolanum
496 2423 538 2463 in
569 2422 867 2464 bibliothecam
889 2422 1211 2465 Ambrosianam
1231 2422 1346 2465 uenit
1377 2435 1429 2464 ex
1457 2422 1655 2464 suburbio
1679 2421 1831 2474 Corcy-

181 2501 292 2530 raeo.
329 2489 507 2542 scriptus
525 2493 587 2531 est
603 2490 729 2542 igitur
750 2489 918 2531 saeculo
939 2489 1104 2531 decimo
1125 2493 1197 2531 aut
1217 2489 1438 2531 undecimo
1458 2502 1484 2531 a
1504 2489 1668 2531 duobus
1685 2489 1833 2531 scribis

182 2555 224 2595 in
255 2555 367 2598 foliis
395 2557 488 2597 289.
546 2556 727 2609 paginae
758 2554 915 2597 habent
944 2569 1088 2598 uersus
1119 2556 1300 2599 tricenos
1340 2560 1492 2598 ternos.
1557 2556 1644 2598 iota
1674 2560 1832 2597 mutum

299 2723 330 2762 1)
354 2723 431 2756 τῶν
457 2716 645 2766 οὐρανίων
662 2717 865 2766 ταγμάτων
889 2716 1220 2765 εἷγαλλίω,αα·τῶν
1243 2718 1303 2756 ἐπὶ
1328 2723 1393 2766 γῆς
1417 2716 1646 2765 ἀνθρώπων,
1669 2721 1833 2765 κραταιᾶ

183 2777 419 2822 προστασία,
455 2774 620 2822 ἅχραντε
651 2776 835 2822 παρθένε,
876 2774 1002 2812 σώσον
1032 2773 1128 2821 ἡμᾶς
1157 2773 1245 2818 τοὺς
1276 2776 1327 2818 εἰς
1359 2776 1400 2812 σὲ
1430 2773 1740 2821 καταφεύγοντας
1774 2788 1832 2811 οτι

182 2830 224 2867 ἐν
249 2833 309 2867 σοὶ
334 2828 401 2872 τὰς
425 2830 583 2867 ἐλπίδασ
605 2831 698 2875 μετὰ
726 2828 831 2873 θεόν,
855 2832 1029 2874 θεοτόκε,
1055 2828 1277 2875 eivs-agarem.

276 2883 358 2923 οὐαὶ
381 2883 467 2931 ὑμῖν
490 2890 711 2933 γραμματῆς
734 2889 796 2923 καὶ
822 2889 1014 2933 φαρισαιόι
1039 2884 1249 2934 ὑποκριταί.
