2018 3236
189 158 268 194 622
566 154 632 188 DE
659 151 815 186 BELLO
840 152 936 187 IUD.
960 150 1029 186 VII
1054 154 1232 186 405—413
1255 155 1305 194 (lx
1331 157 1359 183 2.
1386 156 1408 183 x
1435 155 1465 195 1)

182 287 228 312 τε
250 269 297 312 τὸ
322 271 410 323 πῦρ
434 266 661 321 σβεννύναι
682 266 753 307 καὶ
774 267 939 318 ταχέως
960 261 1064 306 ὁδὸν
1097 259 1156 306 δι’
1195 258 1328 306 αὐτοῦ
1357 264 1562 318 τεμόντες
1592 266 1679 307 τῶν
1708 268 1839 320 βασι-

71 342 152 381 406
183 338 310 379 λείων
350 333 469 383 ἐντὸς
509 332 716 388 ἐγένοντο.
774 333 844 374 καὶ
885 333 947 386 τῷ
988 331 1156 388 πλήθει
1194 333 1281 373 τιῦν
1316 335 1656 388 πεφονευμένων
1687 331 1839 375 ἐπιτυ-

178 404 327 456 χόντες
367 397 441 453 οὐχ
482 397 541 449 (ὗς
581 399 657 442 ἐπὶ
698 400 932 453 πολεμίοις
969 394 1196 455 ἥσθησαν,
1238 397 1315 457 τὴν
1357 399 1403 442 δὲ
1442 399 1727 456 γενναιότητα
1762 402 1839 443 τοῦ

179 468 473 525 βουλεύματος
510 468 581 509 καὶ
613 465 691 524 τὴν
724 465 768 509 ἐν
798 462 1027 516 τοσούτοις
1059 463 1276 520 ἄτρεπτον
1309 465 1385 510 ἐπὶ
1414 469 1502 510 τῶν
1534 467 1669 523 ἔργων
1701 463 1837 510 ἐθαύ-

180 551 326 592 μασαν
358 537 435 577 τοῦ
466 534 666 576 θανάτου
697 534 1040 591 καταφρόνησιν.

72 610 150 648 407
294 605 346 645 Χ.
384 608 418 644 1.
456 601 672 657 Τοιαύτης
694 601 740 644 6&
770 603 848 657 τῆς
880 598 1087 650 ἆλιόσεως
1115 601 1347 659 γενομένης
1378 601 1451 645 ἐπὶ
1484 602 1562 657 μὲν
1593 605 1671 644 τοῦ
1701 619 1839 660 φρου-

182 676 277 726 ρίου
299 670 557 711 καταλείπει
579 667 774 726 φυλακὴν
796 666 817 712 ὁ
842 664 1094 725 στρατηγός,
1128 664 1259 718 αὐτὸς
1292 669 1338 711 6&
1367 668 1476 723 μετὰ
1509 672 1585 725 τῆς
1616 669 1839 725 δυνάμεως

71 743 150 782 408
183 734 385 792 ἀπῆλθεν
426 736 487 786 εἰς
518 735 806 791 Καισάρειαν.
866 732 966 778 οὐδὲ
996 735 1077 791 γὰρ
1107 733 1373 780 ὑπελείπετό
1405 753 1473 787 τις
1503 739 1589 779 τῶν
1618 737 1730 780 κατὰ
1760 736 1838 793 τὴν

176 804 324 858 χιύραν
364 805 610 857 πολεμίων,
651 799 749 845 ἀλλ’
793 800 874 861 ἤδη
914 805 1041 846 πᾶσα
1077 803 1150 847 διὰ
1181 806 1347 859 μακροῦ
1377 806 1456 847 τοῦ
1486 806 1682 858 πολέμου
1713 807 1839 847 κατέ-

181 888 378 928 στραπτο
424 872 608 921 πολλοῖς
651 873 721 913 καὶ
761 873 848 913 τιῦν
888 866 1113 913 ἀπωτάτω
1153 872 1470 915 κατοικούντων
1512 872 1726 929 αἴσθησιν
1764 873 1836 915 καὶ

70 946 149 985 409
180 940 376 981 κίνδυνον
406 941 596 996 ταραχῆς
627 938 943 993 παρασχόντος.
994 938 1058 982 ἔτι
1090 939 1136 982 6&
1167 941 1239 981 καὶ
1271 941 1374 994 περὶ
1399 935 1730 996 Ἀλεξάνδρειαν
1761 939 1839 995 τὴν

69 1013 148 1051 410
183 1005 226 1048 ἐν
247 1002 470 1062 Αἰγύπτῳ
491 1005 601 1061 μετὰ
622 1008 760 1048 ταῦτα
792 1009 947 1062 συνέβη
980 1005 1172 1056 πολλοὺς
1188 1002 1412 1050 Ἰουδαίων
1444 1003 1714 1050 ἀποθανεῖν·
1745 1015 1840 1057 τοῖς

178 1073 259 1129 γὰρ
300 1074 344 1117 ἐκ
382 1077 458 1132 τῆς
497 1073 695 1124 στάσεως
731 1075 817 1115 τῶν
857 1077 1067 1129 σικαρίων
1099 1072 1186 1116 ἐκεῖ
1215 1073 1444 1131 διαφυγεῖν
1477 1075 1732 1127 δυνηθεῖσιν
1764 1069 1840 1116 οὐκ

180 1137 347 1198 ἀπέχρη
369 1141 416 1184 τὸ
443 1142 680 1193 σώζεσθαι,
712 1141 849 1183 πάλιν
871 1141 918 1183 6&
939 1143 1211 1195 καινοτέροις
1236 1140 1474 1197 ἐνεχείρουν
1505 1142 1736 1198 πράγμασι
1765 1144 1839 1185 καὶ

181 1209 371 1260 πολλοὺς
391 1212 478 1252 τῶν
502 1207 841 1262 ’ὑποδεξαμένων
873 1207 1062 1250 ἔπειθον
1092 1211 1169 1265 τῆς
1200 1208 1456 1264 ἐλευθερίας
1488 1205 1839 1261 αντιποιεῖσθαι,

179 1279 251 1320 καὶ
277 1275 513 1331 Ῥωμαίους
550 1277 629 1330 μὲν
666 1276 799 1332 μηδὲν
830 1279 1052 1331 κρείττους
1084 1273 1226 1318 αὐτῶν
1257 1273 1610 1331 ὑπολαμβάνειν,
1650 1276 1761 1320 θεὸν
1793 1276 1839 1319 6&

69 1349 144 1387 411
179 1344 313 1397 μόνον
355 1342 561 1400 ιῗγεῖσθαι
600 1344 831 1400 δεσπότην.
893 1342 991 1386 ἐπεὶ
1031 1344 1077 1386 δὲ
1110 1339 1259 1393 αυτοῖς
1288 1346 1374 1385 τιῦν
1406 1340 1481 1386 οὐκ
1513 1339 1694 1398 ἇφανιῦν
1724 1359 1840 1394 τινες

173 1406 397 1455 Ἰουδαίων
420 1407 689 1466 ἀντέβαινον,
720 1411 822 1461 τοὺς
842 1411 920 1465 μὲν
943 1407 1221 1467 ἀπέσφαξαν,
1252 1419 1346 1461 τοῖς
1368 1407 1408 1452 6'
1445 1408 1596 1461 ἄλλοις
1627 1410 1838 1453 ἐνέκειντο

70 1484 149 1522 412
181 1478 295 1533 πρὸς
329 1479 406 1536 τὴν
438 1475 689 1521 ἀπόστασιν
720 1480 1089 1534 παρακαλοῦντες.
1140 1475 1327 1532 ὁρῶντες
1359 1474 1401 1520 6'
1439 1473 1581 1521 αὐτῶν
1612 1477 1690 1536 τὴν
1722 1474 1839 1521 ἇπό-

182 1563 304 1589 νοιαν
345 1547 387 1589 οἱ
427 1546 726 1600 πρωτεύοντες
763 1548 840 1601 τῆς
877 1550 1108 1601 γερουσίας
1147 1541 1287 1588 οὐκέτ’
1332 1542 1531 1602 ἀσφαλὲς
1563 1541 1713 1596 αυτοῖς
1744 1544 1837 1588 ἐνό-

179 1612 305 1666 μιζον
336 1615 562 1668 περιορᾶν,
595 1608 707 1655 ἀλλὰ
738 1612 909 1662 πάντας
941 1610 1235 1668 ἀθροίσαντες
1267 1612 1329 1663 εἰς
1360 1612 1587 1670 ἐκκλησίαν
1616 1610 1839 1664 τοὶ-ςἸου-

182 1680 332 1730 δαίους
370 1676 547 1737 ἤλεγχον
587 1678 663 1734 τὴν
704 1675 921 1722 ἀπόνοιαν
956 1682 1042 1723 τῶν
1074 1685 1282 1736 σικαρίων
1313 1680 1493 1723 πάντων
1525 1681 1694 1730 αἰτίους
1724 1673 1838 1723 απο-

70 1753 150 1792 413
183 1751 416 1804 φαίνοντες
454 1746 641 1796 ἐκείνους
677 1748 762 1788 τῶν
801 1748 958 1788 κακῶν·
997 1748 1069 1789 καὶ
1110 1749 1183 1789 νῦν
1221 1747 1392 1803 ἔφασαν
1433 1744 1611 1799 αι’-τούς,
1651 1747 1837 1801 ἐπείπερ

182 1810 282 1856 οὐδὲ
303 1813 570 1871 πεφευγότες
591 1816 668 1870 τῆς
690 1818 908 1870 σωτηρίας
939 1812 1100 1856 ἐλπίδα
1129 1818 1313 1868 βεβαίαν
1345 1814 1526 1868 ἔχουσιν,
1556 1817 1837 1870 γνωσθέντας

179 1881 261 1936 γὰρ
283 1878 369 1923 ὑπὸ
390 1879 611 1935 Ῥωμαίων
634 1876 767 1930 εὐθὺς
790 1876 1076 1933 ἀπολεῖσθαι,
1109 1883 1185 1936 τῆς
1217 1878 1365 1932 αὐτοῖς
1394 1881 1698 1939 προσηκούσης
1730 1897 1835 1936 συμ-

291 2082 521 2118 PAMLVRC
532 2082 767 2118 LatZonaras
793 2082 841 2115 VI
866 2093 899 2125 p.
920 2084 997 2116 560.

296 2143 307 2172 1
348 2142 400 2179 τε]
438 2139 476 2175 6&
511 2139 550 2173 Μ
687 2135 878 2182 ταμόντεσ
914 2138 977 2171 ΡΑ
1116 2141 1134 2172 2
1171 2140 1236 2186 τῷ]
1272 2134 1316 2173 τὸ
1355 2139 1387 2170 Α
1525 2141 1543 2172 3
1580 2140 1833 2183 πολεμὶΙΗε*

180 2190 349 2242 ἥσθησαν
373 2195 406 2230 R
520 2198 536 2228 7
564 2195 821 2238 κα**1λείπει
847 2195 874 2228 P
989 2197 1111 2239 τῆσ**
1127 2207 1286 2238 musmo
1311 2194 1338 2228 P
1462 2196 1481 2228 8
1512 2198 1577 2236 τις]
1603 2208 1671 2241 τησ
1696 2196 1722 2231 C

181 2254 199 2285 9
225 2255 341 2292 πάσα]
367 2265 448 2287 πη
464 2265 478 2281 ae
507 2251 534 2284 P
561 2256 635 2286 tota
660 2250 789 2285 iudaea
806 2250 876 2284 Lat
972 2254 1010 2284 10
1035 2253 1098 2286 καὶ
1124 2252 1215 2294 τιῦνΙ
1243 2259 1345 2284 enan.
1364 2249 1392 2284 P
1485 2246 1668 2287 α’ποτοῖτω
1693 2251 1767 2286 MR

183 2311 219 2342 11
247 2308 268 2341 i.
295 2318 404 2351 marg.
429 2304 489 2350 λζ’
516 2307 541 2341 C
619 2304 671 2342 ἔτι
697 2307 734 2343 δὲ
757 2309 832 2348 καὶ]
858 2318 940 2340 uam
966 2307 1071 2342 eciam
1097 2306 1167 2340 Lat
1190 2302 1314 2351 ἐπειδὴ
1338 2308 1401 2342 καὶ
1426 2306 1601 2342 Destinon
1696 2309 1736 2342 12
1761 2307 1835 2343 ἰου-

179 2364 311 2399 δαίουσ
335 2364 365 2397 L
482 2367 522 2398 13
547 2366 634 2405 τῶν,
660 2377 679 2398 ν
703 2373 745 2397 ex
770 2375 792 2398 σ
817 2374 907 2397 corr.
935 2363 961 2397 C
1054 2365 1239 2408 δυνηθεῖσι
1265 2362 1292 2396 C
1409 2365 1449 2396 14
1475 2359 1608 2408 οἷπέχρι
1633 2363 1660 2397 C
1753 2362 1836 2399 ἐπε-

177 2420 332 2465 χείρουν
355 2419 382 2453 Ρ
474 2422 537 2455 καὶ
555 2440 596 2444 —
625 2423 664 2454 15
690 2417 845 2456 ἔπειθον
870 2429 937 2454 om.
963 2419 1033 2453 Lat
1128 2421 1167 2452 16
1193 2413 1319 2454 αὐτῶν
1342 2417 1544 2453 PAMLVR
1569 2416 1714 2455 ἑαυτῶν
1739 2418 1765 2453 C

182 2478 219 2508 17
246 2473 337 2516 ἐπεὶ]
363 2473 394 2511 εἰ
417 2475 494 2510 Zon
586 2470 620 2509 δ’
647 2474 706 2509 LO
801 2470 983 2519 dwewohl
1009 2474 1042 2510 R
1114 2476 1154 2509 18
1177 2469 1376 2514 Ἰουδαίων]
1400 2473 1657 2510 VRCLatzon
1674 2474 1835 2511 ἰουδαῑοι

180 2563 283 2598 AML
310 2563 344 2599 οἱ
369 2564 527 2600 ἰουδαῖοι
551 2563 579 2597 P
672 2563 710 2599 6&
734 2563 833 2597 AVR
903 2561 1046 2606 ἄλλοισ,
1071 2577 1093 2599 σ
1118 2575 1146 2600 s.
1171 2566 1203 2599 A
1272 2543 1434 2600 ἐνέκέίτο
1460 2563 1490 2596 V
1575 2566 1615 2598 19
1640 2564 1677 2600 δὲ
1701 2564 1768 2600 VR

182 2622 222 2653 20
250 2617 506 2664 προτεύοντεσ
531 2619 557 2654 C
650 2615 774 2656 οὐκέτι
799 2619 897 2655 LVR
1005 2616 1134 2662 αὐτοῖς
1158 2617 1347 2664 ἐνόμιζον]
1372 2617 1550 2664 ἐνόμιζον
1574 2614 1715 2655 αὕτοὺσ
1741 2620 1766 2654 O

181 2677 220 2710 21
240 2672 381 2711 πάι-τεο
399 2675 425 2709 C
496 2672 764 2723 ἁθροίσαντεσ,
789 2670 812 2711 ἁ
833 2686 875 2709 ex
900 2686 990 2711 corr.
1008 2676 1040 2711 V
1113 2678 1154 2710 23
1179 2675 1350 2712 ἐκείνουσ
1374 2671 1662 2720 α’ποφαίνοντεσ
1687 2675 1835 2712 αἰτίουσ

180 2732 223 2764 tr.
244 2730 270 2764 O
341 2733 382 2764 24
400 2729 668 2776 πεφευγόντεσ,
686 2743 728 2767 εσ
745 2741 788 2764 ex
805 2743 854 2766 ασ
872 2741 962 2765 corr.
981 2732 1019 2765 M
1088 2730 1327 2777 γνωσθέντεσ
1342 2732 1375 2766 R
1445 2735 1486 2766 25
1503 2728 1577 2778 γὰρ
1594 2741 1662 2766 om.
1682 2730 1708 2765 C
1725 2733 1831 2773 recte,

181 2786 250 2820 nisi
275 2790 355 2829 post
379 2782 527 2830 ἔχουσιν
552 2787 634 2831 quid
659 2787 789 2821 excidit
861 2789 924 2833 τῆς
947 2807 990 2812 -
1016 2790 1114 2829 623,2
1139 2782 1389 2834 παρεκάλουν]
1409 2787 1587 2832 proprias
1609 2786 1833 2822 calamitates

180 2840 338 2888 explere.
377 2843 464 2888 ipsis
481 2846 610 2884 autem,
636 2843 700 2886 qui
714 2842 849 2877 nullius
862 2843 1019 2888 fuissent
1035 2853 1156 2877 eorum
1174 2844 1295 2878 delicti
1301 2844 1518 2889 participes,
1543 2841 1740 2878 cauendum
1757 2852 1832 2877 esse

180 2898 223 2933 ab
242 2909 366 2933 eorum
386 2897 522 2939 οωίῑίος
546 2902 579 2933 ec
603 2897 862 2933 multitudinem
880 2899 1129 2943 precabantur
1147 2899 1216 2934 Lat
1284 2901 1359 2943 τῆς]
1383 2902 1447 2936 καὶ
1471 2901 1540 2945 τῆσ
1557 2899 1583 2934 G
1654 2893 1788 2934 αὓτοῑσ
1805 2896 1831 2932 C

1868 879 1905 913 10

1873 1215 1907 1248 15

1869 1553 1905 1586 20
