<?xml version="1.0" encoding="UTF-8"?>
<!DOCTYPE html PUBLIC "-//W3C//DTD XHTML 1.0 Transitional//EN"
    "http://www.w3.org/TR/xhtml1/DTD/xhtml1-transitional.dtd">
<html xmlns="http://www.w3.org/1999/xhtml" xml:lang="en" lang="en">
 <head>
  <title>
</title>
<meta http-equiv="Content-Type" content="text/html;charset=utf-8" />
  <meta name='ocr-system' content='tesseract 3.04.00' />
  <meta name='ocr-capabilities' content='ocr_page ocr_carea ocr_par ocr_line ocrx_word'/>
</head>
<body>
  <div class='ocr_page' id='page_1' title='image "./operajosephus06joseuoft_0016.png"; bbox 0 0 1987 3246; ppageno 0'>
   <div class='ocr_carea' id='block_1_1' title="bbox 175 158 1096 195">
    <p class='ocr_par' dir='ltr' id='par_1_1' title="bbox 175 158 1096 195">
     <span class='ocr_line' id='line_1_1' title="bbox 175 158 1096 195; baseline -0.001 0"><span class='ocrx_word' id='word_1_1' title='bbox 175 161 245 195; x_wconf 87' lang='lat' dir='ltr'><strong>XII</strong></span> <span class='ocrx_word' id='word_1_2' title='bbox 906 158 1096 194; x_wconf 85' lang='lat' dir='ltr'><strong>Praefatio.</strong></span> 
     </span>
    </p>
   </div>
   <div class='ocr_carea' id='block_1_2' title="bbox 178 268 1840 2742">
    <p class='ocr_par' dir='ltr' id='par_1_2' title="bbox 178 268 1840 1803">
     <span class='ocr_line' id='line_1_2' title="bbox 179 268 1834 330; baseline 0.001 -15"><span class='ocrx_word' id='word_1_3' title='bbox 179 272 336 328; x_wconf 75' lang='grc' dir='ltr'><em>ποινὴν</em></span> <span class='ocrx_word' id='word_1_4' title='bbox 374 269 648 327; x_wconf 66' lang='grc' dir='ltr'><em>ὑφίστασθε·</em></span> <span class='ocrx_word' id='word_1_5' title='bbox 688 268 748 320; x_wconf 73' lang='grc' dir='ltr'><strong>(ὃς</strong></span> <span class='ocrx_word' id='word_1_6' title='bbox 788 270 947 321; x_wconf 75' lang='grc' dir='ltr'><em>ἐκεῖνος</em></span> <span class='ocrx_word' id='word_1_7' title='bbox 987 288 1073 313; x_wconf 78' lang='grc' dir='ltr'><strong>που</strong></span> <span class='ocrx_word' id='word_1_8' title='bbox 1119 277 1274 328; x_wconf 78' lang='grc' dir='ltr'><em>φησίν·</em></span> <span class='ocrx_word' id='word_1_9' title='bbox 1317 275 1439 318; x_wconf 74' lang='grc' dir='ltr'><em>ἔσται</em></span> <span class='ocrx_word' id='word_1_10' title='bbox 1486 277 1648 330; x_wconf 70' lang='grc' dir='ltr'><em>θλίψις</em></span> <span class='ocrx_word' id='word_1_11' title='bbox 1694 275 1736 317; x_wconf 75' lang='grc' dir='ltr'><strong>ἐν</strong></span> <span class='ocrx_word' id='word_1_12' title='bbox 1781 279 1834 330; x_wconf 80' lang='grc' dir='ltr'><strong>τῇ</strong></span> 
     </span>
     <span class='ocr_line' id='line_1_3' title="bbox 179 332 1833 399; baseline 0.003 -19"><span class='ocrx_word' id='word_1_13' title='bbox 179 337 340 380; x_wconf 76' lang='grc' dir='ltr'><strong>ἁλώσει</strong></span> <span class='ocrx_word' id='word_1_14' title='bbox 379 335 518 390; x_wconf 68' lang='grc' dir='ltr'>ὑμῶν,</span> <span class='ocrx_word' id='word_1_15' title='bbox 560 336 632 378; x_wconf 80' lang='grc' dir='ltr'><strong>οἷα</strong></span> <span class='ocrx_word' id='word_1_16' title='bbox 674 332 721 378; x_wconf 77' lang='grc' dir='ltr'><strong>οὗ</strong></span> <span class='ocrx_word' id='word_1_17' title='bbox 761 340 931 392; x_wconf 23' lang='grc' dir='ltr'><em>γὲγοικέν</em></span> <span class='ocrx_word' id='word_1_18' title='bbox 971 335 1060 380; x_wconf 70' lang='grc' dir='ltr'><strong>ἀπὸ</strong></span> <span class='ocrx_word' id='word_1_19' title='bbox 1101 342 1345 395; x_wconf 69' lang='grc' dir='ltr'><em>καταβολῆς</em></span> <span class='ocrx_word' id='word_1_20' title='bbox 1382 342 1567 397; x_wconf 78' lang='grc' dir='ltr'><em>κόσμου·</em></span> <span class='ocrx_word' id='word_1_21' title='bbox 1610 340 1709 385; x_wconf 73' lang='grc' dir='ltr'><em>οὔτε</em></span> <span class='ocrx_word' id='word_1_22' title='bbox 1747 342 1833 399; x_wconf 67' lang='grc' dir='ltr'><strong>μὴν</strong></span> 
     </span>
     <span class='ocr_line' id='line_1_4' title="bbox 180 402 1832 466; baseline 0.004 -20"><span class='ocrx_word' id='word_1_23' title='bbox 180 402 367 457; x_wconf 76' lang='grc' dir='ltr'><em>ἀλλαχοῦ</em></span> <span class='ocrx_word' id='word_1_24' title='bbox 397 404 638 458; x_wconf 68' lang='grc' dir='ltr'><strong>γενήσεται.</strong></span> <span class='ocrx_word' id='word_1_25' title='bbox 693 407 823 447; x_wconf 84' lang='lat' dir='ltr'><strong>uerba</strong></span> <span class='ocrx_word' id='word_1_26' title='bbox 844 419 884 459; x_wconf 86' lang='lat' dir='ltr'><strong>p.</strong></span> <span class='ocrx_word' id='word_1_27' title='bbox 908 408 973 460; x_wconf 75' lang='lat'><strong>24,</strong></span> <span class='ocrx_word' id='word_1_28' title='bbox 997 409 1044 448; x_wconf 84' lang='lat'><strong>16</strong></span> <span class='ocrx_word' id='word_1_29' title='bbox 1075 411 1233 460; x_wconf 74' lang='grc' dir='ltr'><em>καίπερ</em></span> <span class='ocrx_word' id='word_1_30' title='bbox 1267 404 1421 466; x_wconf 68' lang='grc' dir='ltr'><em>ἀνέδην</em></span> <span class='ocrx_word' id='word_1_31' title='bbox 1441 434 1489 439; x_wconf 82' lang='lat'><strong>—</strong></span> <span class='ocrx_word' id='word_1_32' title='bbox 1510 414 1574 465; x_wconf 74' lang='lat'><strong>26,</strong></span> <span class='ocrx_word' id='word_1_33' title='bbox 1600 413 1649 452; x_wconf 80' lang='lat'><strong>18</strong></span> <span class='ocrx_word' id='word_1_34' title='bbox 1680 406 1832 465; x_wconf 76' lang='grc' dir='ltr'><em>κρατύ-</em></span> 
     </span>
     <span class='ocr_line' id='line_1_5' title="bbox 181 471 1832 532; baseline 0.004 -18"><span class='ocrx_word' id='word_1_35' title='bbox 181 475 340 514; x_wconf 69' lang='grc' dir='ltr'><em>νεσθαι</em></span> <span class='ocrx_word' id='word_1_36' title='bbox 380 473 534 514; x_wconf 88' lang='lat' dir='ltr'><strong>omissa</strong></span> <span class='ocrx_word' id='word_1_37' title='bbox 583 477 677 515; x_wconf 91' lang='lat' dir='ltr'><strong>sunt</strong></span> <span class='ocrx_word' id='word_1_38' title='bbox 715 471 802 524; x_wconf 85' lang='lat' dir='ltr'><strong>(fol.</strong></span> <span class='ocrx_word' id='word_1_39' title='bbox 837 475 920 527; x_wconf 53' lang='lat'><strong>9⁸),</strong></span> <span class='ocrx_word' id='word_1_40' title='bbox 969 488 1077 527; x_wconf 88' lang='lat' dir='ltr'><strong>quae</strong></span> <span class='ocrx_word' id='word_1_41' title='bbox 1124 481 1273 529; x_wconf 90' lang='lat' dir='ltr'><strong>postea</strong></span> <span class='ocrx_word' id='word_1_42' title='bbox 1318 478 1564 532; x_wconf 86' lang='lat' dir='ltr'><strong>interposito</strong></span> <span class='ocrx_word' id='word_1_43' title='bbox 1603 479 1704 520; x_wconf 87' lang='lat' dir='ltr'><strong>folio</strong></span> <span class='ocrx_word' id='word_1_44' title='bbox 1750 491 1832 520; x_wconf 91' lang='lat' dir='ltr'><strong>uno</strong></span> 
     </span>
     <span class='ocr_line' id='line_1_6' title="bbox 182 539 1833 599; baseline 0.004 -18"><span class='ocrx_word' id='word_1_45' title='bbox 182 541 268 586; x_wconf 87' lang='lat' dir='ltr'><strong>(fol.</strong></span> <span class='ocrx_word' id='word_1_46' title='bbox 296 540 360 588; x_wconf 88' lang='lat'><strong>10)</strong></span> <span class='ocrx_word' id='word_1_47' title='bbox 392 539 446 580; x_wconf 91' lang='lat' dir='ltr'><strong>ab</strong></span> <span class='ocrx_word' id='word_1_48' title='bbox 479 540 627 582; x_wconf 90' lang='lat' dir='ltr'><strong>eodem</strong></span> <span class='ocrx_word' id='word_1_49' title='bbox 650 544 696 582; x_wconf 88' lang='lat' dir='ltr'><strong>ut</strong></span> <span class='ocrx_word' id='word_1_50' title='bbox 716 540 882 582; x_wconf 87' lang='lat' dir='ltr'><strong>uidetur</strong></span> <span class='ocrx_word' id='word_1_51' title='bbox 903 542 1074 584; x_wconf 85' lang='lat' dir='ltr'><strong>librario</strong></span> <span class='ocrx_word' id='word_1_52' title='bbox 1097 544 1293 596; x_wconf 86' lang='lat' dir='ltr'><strong>suppleta</strong></span> <span class='ocrx_word' id='word_1_53' title='bbox 1313 549 1428 599; x_wconf 84' lang='lat' dir='ltr'><strong>sunt3</strong></span> <span class='ocrx_word' id='word_1_54' title='bbox 1461 559 1588 598; x_wconf 87' lang='lat' dir='ltr'><strong>quare</strong></span> <span class='ocrx_word' id='word_1_55' title='bbox 1609 559 1718 588; x_wconf 86' lang='lat' dir='ltr'><strong>nunc</strong></span> <span class='ocrx_word' id='word_1_56' title='bbox 1739 546 1833 587; x_wconf 93' lang='lat' dir='ltr'><strong>loco</strong></span> 
     </span>
     <span class='ocr_line' id='line_1_7' title="bbox 179 603 1833 667; baseline 0.004 -19"><span class='ocrx_word' id='word_1_57' title='bbox 179 611 291 649; x_wconf 90' lang='lat' dir='ltr'><strong>mota</strong></span> <span class='ocrx_word' id='word_1_58' title='bbox 322 610 466 649; x_wconf 78' lang='lat' dir='ltr'><strong>extant</strong></span> <span class='ocrx_word' id='word_1_59' title='bbox 496 611 592 661; x_wconf 92' lang='lat' dir='ltr'><strong>post</strong></span> <span class='ocrx_word' id='word_1_60' title='bbox 623 603 769 656; x_wconf 58' lang='grc' dir='ltr'><strong>εῖῗνους</strong></span> <span class='ocrx_word' id='word_1_61' title='bbox 793 610 848 662; x_wconf 89' lang='lat' dir='ltr'><strong>(p.</strong></span> <span class='ocrx_word' id='word_1_62' title='bbox 872 610 939 662; x_wconf 82' lang='lat'><strong>27,</strong></span> <span class='ocrx_word' id='word_1_63' title='bbox 965 612 1041 656; x_wconf 81' lang='lat'><strong>17).</strong></span> <span class='ocrx_word' id='word_1_64' title='bbox 1093 611 1237 664; x_wconf 89' lang='lat' dir='ltr'><strong>paullo</strong></span> <span class='ocrx_word' id='word_1_65' title='bbox 1259 611 1367 654; x_wconf 85' lang='lat' dir='ltr'><strong>infra</strong></span> <span class='ocrx_word' id='word_1_66' title='bbox 1387 612 1496 654; x_wconf 87' lang='lat' dir='ltr'><strong>aliae</strong></span> <span class='ocrx_word' id='word_1_67' title='bbox 1518 625 1572 654; x_wconf 83' lang='lat' dir='ltr'><strong>ex</strong></span> <span class='ocrx_word' id='word_1_68' title='bbox 1601 612 1833 667; x_wconf 87' lang='lat' dir='ltr'><strong>archetypo</strong></span> 
     </span>
     <span class='ocr_line' id='line_1_8' title="bbox 178 673 1833 734; baseline 0.003 -19"><span class='ocrx_word' id='word_1_69' title='bbox 178 674 323 716; x_wconf 81' lang='lat' dir='ltr'><strong>turbae</strong></span> <span class='ocrx_word' id='word_1_70' title='bbox 356 678 471 716; x_wconf 85' lang='lat' dir='ltr'><strong>ortae</strong></span> <span class='ocrx_word' id='word_1_71' title='bbox 502 678 616 728; x_wconf 81' lang='lat' dir='ltr'><strong>sunt3</strong></span> <span class='ocrx_word' id='word_1_72' title='bbox 648 689 744 717; x_wconf 89' lang='lat' dir='ltr'><strong>nam</strong></span> <span class='ocrx_word' id='word_1_73' title='bbox 777 689 883 729; x_wconf 88' lang='lat' dir='ltr'><strong>quae</strong></span> <span class='ocrx_word' id='word_1_74' title='bbox 915 680 1060 718; x_wconf 88' lang='lat' dir='ltr'><strong>extant</strong></span> <span class='ocrx_word' id='word_1_75' title='bbox 1080 690 1119 729; x_wconf 88' lang='lat' dir='ltr'><strong>p.</strong></span> <span class='ocrx_word' id='word_1_76' title='bbox 1144 679 1210 730; x_wconf 80' lang='lat'><strong>39,</strong></span> <span class='ocrx_word' id='word_1_77' title='bbox 1233 680 1285 718; x_wconf 83' lang='lat'><strong>22</strong></span> <span class='ocrx_word' id='word_1_78' title='bbox 1318 673 1407 720; x_wconf 72' lang='grc' dir='ltr'><strong>ἀπὸ</strong></span> <span class='ocrx_word' id='word_1_79' title='bbox 1437 675 1597 734; x_wconf 80' lang='grc' dir='ltr'><em>Ῥώμης</em></span> <span class='ocrx_word' id='word_1_80' title='bbox 1618 702 1668 707; x_wconf 88' lang='grc'>-</span> <span class='ocrx_word' id='word_1_81' title='bbox 1695 682 1759 732; x_wconf 77' lang='grc'><strong>44,</strong></span> <span class='ocrx_word' id='word_1_82' title='bbox 1785 680 1833 720; x_wconf 85' lang='grc'><strong>18</strong></span> 
     </span>
     <span class='ocr_line' id='line_1_9' title="bbox 180 738 1836 798; baseline 0.005 -19"><span class='ocrx_word' id='word_1_83' title='bbox 180 738 322 789; x_wconf 76' lang='grc' dir='ltr'><strong><em>αἴτιος</em></strong></span> <span class='ocrx_word' id='word_1_84' title='bbox 355 745 395 783; x_wconf 83' lang='lat' dir='ltr'><strong>et</strong></span> <span class='ocrx_word' id='word_1_85' title='bbox 416 754 455 794; x_wconf 88' lang='lat' dir='ltr'><strong>p.</strong></span> <span class='ocrx_word' id='word_1_86' title='bbox 479 744 545 796; x_wconf 77' lang='lat'><strong>63,</strong></span> <span class='ocrx_word' id='word_1_87' title='bbox 570 744 619 783; x_wconf 76' lang='lat'><strong>19</strong></span> <span class='ocrx_word' id='word_1_88' title='bbox 647 739 841 797; x_wconf 70' lang='grc' dir='ltr'><em>Ἡρώδης</em></span> <span class='ocrx_word' id='word_1_89' title='bbox 872 742 950 795; x_wconf 76' lang='grc' dir='ltr'><strong>μὲν</strong></span> <span class='ocrx_word' id='word_1_90' title='bbox 972 766 1023 771; x_wconf 76' lang='lat'>—</span> <span class='ocrx_word' id='word_1_91' title='bbox 1049 745 1115 796; x_wconf 78' lang='lat'><strong>68,</strong></span> <span class='ocrx_word' id='word_1_92' title='bbox 1141 747 1190 785; x_wconf 79' lang='lat'><strong>14</strong></span> <span class='ocrx_word' id='word_1_93' title='bbox 1217 738 1468 798; x_wconf 74' lang='grc' dir='ltr'><em>Ἀντίγονον</em></span> <span class='ocrx_word' id='word_1_94' title='bbox 1489 747 1549 789; x_wconf 83' lang='lat' dir='ltr'><strong>ita</strong></span> <span class='ocrx_word' id='word_1_95' title='bbox 1579 751 1836 789; x_wconf 78' lang='lat' dir='ltr'><strong>commutata</strong></span> 
     </span>
     <span class='ocr_line' id='line_1_10' title="bbox 178 807 1833 866; baseline 0.003 -17"><span class='ocrx_word' id='word_1_96' title='bbox 178 812 293 862; x_wconf 88' lang='lat' dir='ltr'><strong>sunt,</strong></span> <span class='ocrx_word' id='word_1_97' title='bbox 331 813 376 849; x_wconf 92' lang='lat' dir='ltr'><strong>ut</strong></span> <span class='ocrx_word' id='word_1_98' title='bbox 406 807 512 851; x_wconf 89' lang='lat' dir='ltr'><strong>haec</strong></span> <span class='ocrx_word' id='word_1_99' title='bbox 550 810 737 863; x_wconf 80' lang='lat' dir='ltr'><strong>illorum,</strong></span> <span class='ocrx_word' id='word_1_100' title='bbox 778 811 853 852; x_wconf 89' lang='lat' dir='ltr'><strong>illa</strong></span> <span class='ocrx_word' id='word_1_101' title='bbox 892 810 1038 852; x_wconf 90' lang='lat' dir='ltr'><strong>horum</strong></span> <span class='ocrx_word' id='word_1_102' title='bbox 1076 811 1214 853; x_wconf 87' lang='lat' dir='ltr'><strong>locum</strong></span> <span class='ocrx_word' id='word_1_103' title='bbox 1246 813 1500 866; x_wconf 72' lang='lat' dir='ltr'>occuparint.</span> <span class='ocrx_word' id='word_1_104' title='bbox 1567 814 1671 856; x_wconf 91' lang='lat' dir='ltr'><strong>locis</strong></span> <span class='ocrx_word' id='word_1_105' title='bbox 1702 817 1833 855; x_wconf 88' lang='lat' dir='ltr'><strong>trans-</strong></span> 
     </span>
     <span class='ocr_line' id='line_1_11' title="bbox 178 875 1835 934; baseline 0.002 -17"><span class='ocrx_word' id='word_1_106' title='bbox 178 875 326 929; x_wconf 82' lang='lat' dir='ltr'>positis</span> <span class='ocrx_word' id='word_1_107' title='bbox 357 889 503 918; x_wconf 88' lang='lat' dir='ltr'><strong>manus</strong></span> <span class='ocrx_word' id='word_1_108' title='bbox 534 877 668 929; x_wconf 86' lang='lat' dir='ltr'><strong>prima</strong></span> <span class='ocrx_word' id='word_1_109' title='bbox 696 878 918 920; x_wconf 79' lang='lat' dir='ltr'><strong>asteriscos</strong></span> <span class='ocrx_word' id='word_1_110' title='bbox 949 878 1145 931; x_wconf 86' lang='lat' dir='ltr'><strong>adpinxit</strong></span> <span class='ocrx_word' id='word_1_111' title='bbox 1173 879 1452 932; x_wconf 87' lang='lat' dir='ltr'><strong>ascripsitque</strong></span> <span class='ocrx_word' id='word_1_112' title='bbox 1473 880 1545 921; x_wconf 80' lang='lat' dir='ltr'><strong>fol.</strong></span> <span class='ocrx_word' id='word_1_113' title='bbox 1570 882 1639 920; x_wconf 65' lang='grc' dir='ltr'><strong>-15γ</strong></span> <span class='ocrx_word' id='word_1_114' title='bbox 1659 878 1835 934; x_wconf 81' lang='grc' dir='ltr'><em>γύρισον</em></span> 
     </span>
     <span class='ocr_line' id='line_1_12' title="bbox 181 938 1834 1000; baseline 0.002 -17"><span class='ocrx_word' id='word_1_115' title='bbox 181 941 303 983; x_wconf 73' lang='grc' dir='ltr'><strong><em>ἐννέα</em></strong></span> <span class='ocrx_word' id='word_1_116' title='bbox 324 942 461 997; x_wconf 78' lang='grc' dir='ltr'><em>φίλλα</em></span> <span class='ocrx_word' id='word_1_117' title='bbox 481 944 553 984; x_wconf 80' lang='grc' dir='ltr'><strong>καὶ</strong></span> <span class='ocrx_word' id='word_1_118' title='bbox 586 939 783 997; x_wconf 73' lang='grc' dir='ltr'><strong>εὑρήσεις</strong></span> <span class='ocrx_word' id='word_1_119' title='bbox 814 938 967 996; x_wconf 74' lang='grc' dir='ltr'>ὅμοιον</span> <span class='ocrx_word' id='word_1_120' title='bbox 990 952 1167 999; x_wconf 70' lang='grc' dir='ltr'><em>σημεῖον</em></span> <span class='ocrx_word' id='word_1_121' title='bbox 1191 950 1231 987; x_wconf 87' lang='lat' dir='ltr'><strong>et</strong></span> <span class='ocrx_word' id='word_1_122' title='bbox 1261 946 1416 987; x_wconf 85' lang='lat' dir='ltr'><strong>similia</strong></span> <span class='ocrx_word' id='word_1_123' title='bbox 1437 947 1508 988; x_wconf 89' lang='lat' dir='ltr'><strong>fol.</strong></span> <span class='ocrx_word' id='word_1_124' title='bbox 1540 949 1617 987; x_wconf 61' lang='grc' dir='ltr'>17Υ.</span> <span class='ocrx_word' id='word_1_125' title='bbox 1641 949 1724 988; x_wconf 73' lang='lat' dir='ltr'><strong>24V.</strong></span> <span class='ocrx_word' id='word_1_126' title='bbox 1749 948 1834 1000; x_wconf 51' lang='lat'><strong>262</strong></span> 
     </span>
     <span class='ocr_line' id='line_1_13' title="bbox 181 1010 1836 1066; baseline 0.002 -15"><span class='ocrx_word' id='word_1_127' title='bbox 181 1024 289 1063; x_wconf 88' lang='lat' dir='ltr'><strong>quae</strong></span> <span class='ocrx_word' id='word_1_128' title='bbox 329 1010 500 1064; x_wconf 89' lang='lat' dir='ltr'><strong>quidem</strong></span> <span class='ocrx_word' id='word_1_129' title='bbox 544 1024 596 1052; x_wconf 86' lang='lat' dir='ltr'><strong>ex</strong></span> <span class='ocrx_word' id='word_1_130' title='bbox 636 1011 867 1066; x_wconf 85' lang='lat' dir='ltr'><strong>archetypo</strong></span> <span class='ocrx_word' id='word_1_131' title='bbox 907 1012 1157 1066; x_wconf 90' lang='lat' dir='ltr'><strong>deprompta</strong></span> <span class='ocrx_word' id='word_1_132' title='bbox 1204 1018 1310 1054; x_wconf 88' lang='lat' dir='ltr'><strong>sunt.</strong></span> <span class='ocrx_word' id='word_1_133' title='bbox 1385 1014 1468 1054; x_wconf 90' lang='lat' dir='ltr'><strong>iam</strong></span> <span class='ocrx_word' id='word_1_134' title='bbox 1510 1026 1610 1055; x_wconf 90' lang='lat' dir='ltr'><strong>uero</strong></span> <span class='ocrx_word' id='word_1_135' title='bbox 1649 1014 1836 1056; x_wconf 81' lang='lat' dir='ltr'><strong>locorum</strong></span> 
     </span>
     <span class='ocr_line' id='line_1_14' title="bbox 180 1078 1837 1135; baseline 0.001 -15"><span class='ocrx_word' id='word_1_136' title='bbox 180 1082 528 1120; x_wconf 80' lang='lat' dir='ltr'><strong>commutatorum</strong></span> <span class='ocrx_word' id='word_1_137' title='bbox 559 1078 665 1120; x_wconf 86' lang='lat' dir='ltr'><strong>alter</strong></span> <span class='ocrx_word' id='word_1_138' title='bbox 706 1079 791 1120; x_wconf 88' lang='lat' dir='ltr'><strong>fere</strong></span> <span class='ocrx_word' id='word_1_139' title='bbox 828 1082 903 1120; x_wconf 85' lang='lat'><strong>105</strong></span> <span class='ocrx_word' id='word_1_140' title='bbox 935 1093 1130 1122; x_wconf 84' lang='lat' dir='ltr'><strong>uersuum</strong></span> <span class='ocrx_word' id='word_1_141' title='bbox 1163 1084 1245 1133; x_wconf 86' lang='lat' dir='ltr'><strong>est,</strong></span> <span class='ocrx_word' id='word_1_142' title='bbox 1284 1081 1391 1123; x_wconf 87' lang='lat' dir='ltr'><strong>alter</strong></span> <span class='ocrx_word' id='word_1_143' title='bbox 1425 1083 1515 1135; x_wconf 87' lang='grc'><strong>101,</strong></span> <span class='ocrx_word' id='word_1_144' title='bbox 1548 1093 1656 1134; x_wconf 90' lang='lat' dir='ltr'><strong>quae</strong></span> <span class='ocrx_word' id='word_1_145' title='bbox 1696 1084 1837 1122; x_wconf 88' lang='lat' dir='ltr'><strong>autem</strong></span> 
     </span>
     <span class='ocr_line' id='line_1_15' title="bbox 179 1145 1836 1201; baseline 0.002 -15"><span class='ocrx_word' id='word_1_146' title='bbox 179 1145 427 1187; x_wconf 85' lang='lat' dir='ltr'><strong>interiacent</strong></span> <span class='ocrx_word' id='word_1_147' title='bbox 459 1147 514 1197; x_wconf 92' lang='lat' dir='ltr'><strong>(p.</strong></span> <span class='ocrx_word' id='word_1_148' title='bbox 539 1148 604 1196; x_wconf 75' lang='lat'><strong>44,</strong></span> <span class='ocrx_word' id='word_1_149' title='bbox 640 1146 814 1199; x_wconf 52' lang='lat' dir='ltr'><strong>18w-63,</strong></span> <span class='ocrx_word' id='word_1_150' title='bbox 854 1147 915 1194; x_wconf 79' lang='lat'><strong>18)</strong></span> <span class='ocrx_word' id='word_1_151' title='bbox 950 1148 1029 1186; x_wconf 76' lang='lat'><strong>424</strong></span> <span class='ocrx_word' id='word_1_152' title='bbox 1060 1147 1147 1188; x_wconf 84' lang='lat' dir='ltr'><strong>fere</strong></span> <span class='ocrx_word' id='word_1_153' title='bbox 1179 1152 1384 1200; x_wconf 89' lang='lat' dir='ltr'><strong>occupant</strong></span> <span class='ocrx_word' id='word_1_154' title='bbox 1420 1161 1576 1190; x_wconf 89' lang='lat' dir='ltr'><strong>uersus.</strong></span> <span class='ocrx_word' id='word_1_155' title='bbox 1644 1147 1770 1201; x_wconf 86' lang='lat' dir='ltr'><strong>igitur</strong></span> <span class='ocrx_word' id='word_1_156' title='bbox 1800 1148 1836 1189; x_wconf 88' lang='lat' dir='ltr'><strong>si</strong></span> 
     </span>
     <span class='ocr_line' id='line_1_16' title="bbox 178 1212 1835 1268; baseline 0.002 -15"><span class='ocrx_word' id='word_1_157' title='bbox 178 1212 373 1266; x_wconf 88' lang='lat' dir='ltr'><strong>ponimus</strong></span> <span class='ocrx_word' id='word_1_158' title='bbox 409 1213 523 1253; x_wconf 89' lang='lat' dir='ltr'><strong>locos</strong></span> <span class='ocrx_word' id='word_1_159' title='bbox 560 1213 834 1264; x_wconf 88' lang='lat' dir='ltr'><strong>transpositos</strong></span> <span class='ocrx_word' id='word_1_160' title='bbox 866 1214 968 1255; x_wconf 88' lang='lat' dir='ltr'><strong>folia</strong></span> <span class='ocrx_word' id='word_1_161' title='bbox 1003 1227 1232 1267; x_wconf 81' lang='lat' dir='ltr'><strong>occupasse</strong></span> <span class='ocrx_word' id='word_1_162' title='bbox 1267 1215 1444 1267; x_wconf 86' lang='lat' dir='ltr'><strong>singula,</strong></span> <span class='ocrx_word' id='word_1_163' title='bbox 1476 1215 1663 1268; x_wconf 88' lang='lat' dir='ltr'><strong>sequitur</strong></span> <span class='ocrx_word' id='word_1_164' title='bbox 1693 1214 1835 1256; x_wconf 88' lang='lat' dir='ltr'><strong>media</strong></span> 
     </span>
     <span class='ocr_line' id='line_1_17' title="bbox 180 1279 1836 1334; baseline 0.003 -15"><span class='ocrx_word' id='word_1_165' title='bbox 180 1279 309 1321; x_wconf 86' lang='lat' dir='ltr'><strong>fuisse</strong></span> <span class='ocrx_word' id='word_1_166' title='bbox 341 1280 381 1319; x_wconf 88' lang='lat' dir='ltr'><strong>in</strong></span> <span class='ocrx_word' id='word_1_167' title='bbox 413 1279 526 1320; x_wconf 86' lang='lat' dir='ltr'><strong>foliis</strong></span> <span class='ocrx_word' id='word_1_168' title='bbox 558 1283 773 1332; x_wconf 89' lang='lat' dir='ltr'><strong>quattuor;</strong></span> <span class='ocrx_word' id='word_1_169' title='bbox 813 1293 920 1332; x_wconf 85' lang='lat' dir='ltr'><strong>quae</strong></span> <span class='ocrx_word' id='word_1_170' title='bbox 961 1281 1131 1333; x_wconf 89' lang='lat' dir='ltr'><strong>quidem</strong></span> <span class='ocrx_word' id='word_1_171' title='bbox 1163 1281 1358 1323; x_wconf 83' lang='lat' dir='ltr'><strong>uidentur</strong></span> <span class='ocrx_word' id='word_1_172' title='bbox 1388 1282 1517 1324; x_wconf 87' lang='lat' dir='ltr'><strong>fuisse</strong></span> <span class='ocrx_word' id='word_1_173' title='bbox 1550 1281 1836 1334; x_wconf 82' lang='lat' dir='ltr'><strong>quaternionis</strong></span> 
     </span>
     <span class='ocr_line' id='line_1_18' title="bbox 181 1346 1838 1401; baseline 0.002 -15"><span class='ocrx_word' id='word_1_174' title='bbox 181 1346 346 1387; x_wconf 86' lang='lat' dir='ltr'><strong>tertium</strong></span> <span class='ocrx_word' id='word_1_175' title='bbox 392 1350 583 1398; x_wconf 83' lang='lat' dir='ltr'><strong>quartum</strong></span> <span class='ocrx_word' id='word_1_176' title='bbox 632 1346 820 1398; x_wconf 82' lang='lat' dir='ltr'><strong>quintum</strong></span> <span class='ocrx_word' id='word_1_177' title='bbox 868 1351 1044 1389; x_wconf 82' lang='lat' dir='ltr'><strong>sextum.</strong></span> <span class='ocrx_word' id='word_1_178' title='bbox 1134 1349 1309 1390; x_wconf 89' lang='lat' dir='ltr'><strong>uidesne</strong></span> <span class='ocrx_word' id='word_1_179' title='bbox 1347 1349 1472 1401; x_wconf 82' lang='lat' dir='ltr'><strong>igitur</strong></span> <span class='ocrx_word' id='word_1_180' title='bbox 1517 1348 1726 1401; x_wconf 87' lang='lat' dir='ltr'><strong>quomodo</strong></span> <span class='ocrx_word' id='word_1_181' title='bbox 1771 1360 1838 1390; x_wconf 86' lang='lat' dir='ltr'><strong>res</strong></span> 
     </span>
     <span class='ocr_line' id='line_1_19' title="bbox 181 1412 1840 1468; baseline 0.001 -14"><span class='ocrx_word' id='word_1_182' title='bbox 181 1416 302 1466; x_wconf 83' lang='lat' dir='ltr'><strong>gesta</strong></span> <span class='ocrx_word' id='word_1_183' title='bbox 342 1412 427 1454; x_wconf 81' lang='lat' dir='ltr'><strong>sit?</strong></span> <span class='ocrx_word' id='word_1_184' title='bbox 468 1413 753 1465; x_wconf 80' lang='lat' dir='ltr'><strong>quaternionis</strong></span> <span class='ocrx_word' id='word_1_185' title='bbox 794 1415 903 1455; x_wconf 89' lang='lat' dir='ltr'><strong>enim</strong></span> <span class='ocrx_word' id='word_1_186' title='bbox 945 1427 1147 1468; x_wconf 78' lang='lat' dir='ltr'><strong>compage</strong></span> <span class='ocrx_word' id='word_1_187' title='bbox 1178 1416 1315 1457; x_wconf 88' lang='lat' dir='ltr'><strong>soluta</strong></span> <span class='ocrx_word' id='word_1_188' title='bbox 1352 1416 1497 1457; x_wconf 88' lang='lat' dir='ltr'><strong>folium</strong></span> <span class='ocrx_word' id='word_1_189' title='bbox 1538 1415 1766 1458; x_wconf 89' lang='lat' dir='ltr'><strong>secundum</strong></span> <span class='ocrx_word' id='word_1_190' title='bbox 1798 1419 1840 1457; x_wconf 91' lang='lat' dir='ltr'><strong>et</strong></span> 
     </span>
     <span class='ocr_line' id='line_1_20' title="bbox 181 1480 1837 1536; baseline 0.001 -16"><span class='ocrx_word' id='word_1_191' title='bbox 181 1480 405 1532; x_wconf 86' lang='lat' dir='ltr'><strong>septimum</strong></span> <span class='ocrx_word' id='word_1_192' title='bbox 432 1481 597 1521; x_wconf 88' lang='lat' dir='ltr'><strong>inuerso</strong></span> <span class='ocrx_word' id='word_1_193' title='bbox 620 1480 767 1521; x_wconf 81' lang='lat' dir='ltr'><strong>ordine</strong></span> <span class='ocrx_word' id='word_1_194' title='bbox 790 1481 976 1523; x_wconf 82' lang='lat' dir='ltr'><strong>immissa</strong></span> <span class='ocrx_word' id='word_1_195' title='bbox 996 1486 1101 1524; x_wconf 89' lang='lat' dir='ltr'><strong>sunt.</strong></span> <span class='ocrx_word' id='word_1_196' title='bbox 1154 1482 1259 1524; x_wconf 88' lang='lat' dir='ltr'><strong>haec</strong></span> <span class='ocrx_word' id='word_1_197' title='bbox 1281 1484 1473 1536; x_wconf 88' lang='lat' dir='ltr'><strong>quamuis</strong></span> <span class='ocrx_word' id='word_1_198' title='bbox 1495 1483 1607 1524; x_wconf 93' lang='lat' dir='ltr'><strong>leuia</strong></span> <span class='ocrx_word' id='word_1_199' title='bbox 1636 1481 1692 1524; x_wconf 88' lang='lat' dir='ltr'><strong>ad</strong></span> <span class='ocrx_word' id='word_1_200' title='bbox 1712 1482 1837 1523; x_wconf 86' lang='lat' dir='ltr'><strong>Bero-</strong></span> 
     </span>
     <span class='ocr_line' id='line_1_21' title="bbox 182 1546 1839 1604; baseline 0.002 -18"><span class='ocrx_word' id='word_1_201' title='bbox 182 1546 355 1589; x_wconf 85' lang='lat' dir='ltr'><strong>linensis</strong></span> <span class='ocrx_word' id='word_1_202' title='bbox 403 1546 678 1600; x_wconf 83' lang='lat' dir='ltr'><strong>archetypum</strong></span> <span class='ocrx_word' id='word_1_203' title='bbox 728 1548 1015 1600; x_wconf 84' lang='lat' dir='ltr'><strong>indagandum</strong></span> <span class='ocrx_word' id='word_1_204' title='bbox 1066 1551 1158 1591; x_wconf 90' lang='lat' dir='ltr'><strong>usui</strong></span> <span class='ocrx_word' id='word_1_205' title='bbox 1207 1563 1299 1592; x_wconf 88' lang='lat' dir='ltr'><strong>esse</strong></span> <span class='ocrx_word' id='word_1_206' title='bbox 1348 1554 1543 1604; x_wconf 84' lang='lat' dir='ltr'><strong>possunt,</strong></span> <span class='ocrx_word' id='word_1_207' title='bbox 1589 1551 1625 1592; x_wconf 93' lang='lat' dir='ltr'><strong>si</strong></span> <span class='ocrx_word' id='word_1_208' title='bbox 1670 1549 1839 1603; x_wconf 86' lang='lat' dir='ltr'><strong>quidem</strong></span> 
     </span>
     <span class='ocr_line' id='line_1_22' title="bbox 182 1615 1838 1669; baseline 0.002 -14"><span class='ocrx_word' id='word_1_209' title='bbox 182 1618 393 1667; x_wconf 87' lang='lat' dir='ltr'><strong>superstes</strong></span> <span class='ocrx_word' id='word_1_210' title='bbox 425 1619 498 1656; x_wconf 89' lang='lat' dir='ltr'><strong>est.</strong></span> <span class='ocrx_word' id='word_1_211' title='bbox 570 1616 639 1667; x_wconf 90' lang='lat' dir='ltr'><strong>qui</strong></span> <span class='ocrx_word' id='word_1_212' title='bbox 681 1615 846 1656; x_wconf 86' lang='lat' dir='ltr'><strong>uidetur</strong></span> <span class='ocrx_word' id='word_1_213' title='bbox 884 1616 996 1657; x_wconf 90' lang='lat' dir='ltr'><strong>male</strong></span> <span class='ocrx_word' id='word_1_214' title='bbox 1038 1615 1204 1659; x_wconf 87' lang='lat' dir='ltr'><strong>habitus</strong></span> <span class='ocrx_word' id='word_1_215' title='bbox 1241 1618 1392 1669; x_wconf 80' lang='lat' dir='ltr'><strong>fuisse3</strong></span> <span class='ocrx_word' id='word_1_216' title='bbox 1434 1630 1562 1669; x_wconf 87' lang='lat' dir='ltr'><strong>quare</strong></span> <span class='ocrx_word' id='word_1_217' title='bbox 1594 1617 1718 1660; x_wconf 89' lang='lat' dir='ltr'><strong>facile</strong></span> <span class='ocrx_word' id='word_1_218' title='bbox 1748 1616 1838 1658; x_wconf 89' lang='lat' dir='ltr'><strong>fieri</strong></span> 
     </span>
     <span class='ocr_line' id='line_1_23' title="bbox 182 1681 1839 1737; baseline 0.001 -15"><span class='ocrx_word' id='word_1_219' title='bbox 182 1681 339 1734; x_wconf 89' lang='lat' dir='ltr'><strong>potuit,</strong></span> <span class='ocrx_word' id='word_1_220' title='bbox 383 1687 428 1723; x_wconf 90' lang='lat' dir='ltr'><strong>ut</strong></span> <span class='ocrx_word' id='word_1_221' title='bbox 473 1682 664 1724; x_wconf 90' lang='lat' dir='ltr'><strong>confecto</strong></span> <span class='ocrx_word' id='word_1_222' title='bbox 702 1695 812 1724; x_wconf 91' lang='lat' dir='ltr'><strong>nouo</strong></span> <span class='ocrx_word' id='word_1_223' title='bbox 852 1683 998 1724; x_wconf 89' lang='lat' dir='ltr'><strong>codice</strong></span> <span class='ocrx_word' id='word_1_224' title='bbox 1037 1684 1282 1726; x_wconf 85' lang='lat' dir='ltr'><strong>abiceretur.</strong></span> <span class='ocrx_word' id='word_1_225' title='bbox 1355 1684 1638 1726; x_wconf 87' lang='lat' dir='ltr'><strong>Berolinensis</strong></span> <span class='ocrx_word' id='word_1_226' title='bbox 1676 1687 1839 1737; x_wconf 89' lang='lat' dir='ltr'><strong>partem</strong></span> 
     </span>
     <span class='ocr_line' id='line_1_24' title="bbox 182 1748 1200 1803; baseline 0.002 -13"><span class='ocrx_word' id='word_1_227' title='bbox 182 1748 357 1790; x_wconf 88' lang='lat' dir='ltr'><strong>contulit</strong></span> <span class='ocrx_word' id='word_1_228' title='bbox 388 1749 622 1802; x_wconf 86' lang='lat' dir='ltr'><strong>multosque</strong></span> <span class='ocrx_word' id='word_1_229' title='bbox 656 1750 770 1791; x_wconf 89' lang='lat' dir='ltr'><strong>locos</strong></span> <span class='ocrx_word' id='word_1_230' title='bbox 806 1751 990 1803; x_wconf 81' lang='lat' dir='ltr'><strong>inspexit</strong></span> <span class='ocrx_word' id='word_1_231' title='bbox 1020 1750 1200 1793; x_wconf 85' lang='lat' dir='ltr'><strong>Niesius.</strong></span> 
     </span>
    </p>

    <p class='ocr_par' dir='ltr' id='par_1_3' title="bbox 184 1816 1840 2529">
     <span class='ocr_line' id='line_1_25' title="bbox 296 1816 1838 1870; baseline 0.001 -13"><span class='ocrx_word' id='word_1_232' title='bbox 296 1818 333 1856; x_wconf 84' lang='lat'><strong>9.</strong></span> <span class='ocrx_word' id='word_1_233' title='bbox 366 1816 502 1858; x_wconf 81' lang='lat' dir='ltr'><strong>codex</strong></span> <span class='ocrx_word' id='word_1_234' title='bbox 534 1816 839 1859; x_wconf 85' lang='lat' dir='ltr'><strong>Laurentianus</strong></span> <span class='ocrx_word' id='word_1_235' title='bbox 875 1817 1006 1870; x_wconf 90' lang='lat' dir='ltr'><strong>plutei</strong></span> <span class='ocrx_word' id='word_1_236' title='bbox 1029 1820 1080 1859; x_wconf 85' lang='grc'><strong>69</strong></span> <span class='ocrx_word' id='word_1_237' title='bbox 1103 1818 1195 1860; x_wconf 87' lang='lat' dir='ltr'><strong>cod.</strong></span> <span class='ocrx_word' id='word_1_238' title='bbox 1224 1820 1268 1858; x_wconf 85' lang='lat'><strong>17</strong></span> <span class='ocrx_word' id='word_1_239' title='bbox 1290 1820 1316 1867; x_wconf 84' lang='lat'><strong>¹)</strong></span> <span class='ocrx_word' id='word_1_240' title='bbox 1348 1818 1543 1860; x_wconf 89' lang='lat' dir='ltr'><strong>foliorum</strong></span> <span class='ocrx_word' id='word_1_241' title='bbox 1565 1819 1645 1857; x_wconf 72' lang='lat'><strong>225</strong></span> <span class='ocrx_word' id='word_1_242' title='bbox 1668 1818 1838 1859; x_wconf 88' lang='lat' dir='ltr'><strong>saeculo</strong></span> 
     </span>
     <span class='ocr_line' id='line_1_26' title="bbox 185 1882 1836 1937; baseline 0.001 -14"><span class='ocrx_word' id='word_1_243' title='bbox 185 1882 271 1924; x_wconf 92' lang='lat' dir='ltr'><strong>fere</strong></span> <span class='ocrx_word' id='word_1_244' title='bbox 289 1883 373 1924; x_wconf 91' lang='lat' dir='ltr'><strong>XII</strong></span> <span class='ocrx_word' id='word_1_245' title='bbox 389 1882 614 1935; x_wconf 79' lang='lat' dir='ltr'><strong>diligenter</strong></span> <span class='ocrx_word' id='word_1_246' title='bbox 635 1889 844 1937; x_wconf 87' lang='lat' dir='ltr'><strong>exaratus,</strong></span> <span class='ocrx_word' id='word_1_247' title='bbox 869 1886 1054 1927; x_wconf 89' lang='lat' dir='ltr'><strong>continet</strong></span> <span class='ocrx_word' id='word_1_248' title='bbox 1071 1885 1229 1927; x_wconf 88' lang='lat' dir='ltr'><strong>bellum</strong></span> <span class='ocrx_word' id='word_1_249' title='bbox 1242 1884 1459 1927; x_wconf 91' lang='lat' dir='ltr'><strong>Iudaicum</strong></span> <span class='ocrx_word' id='word_1_250' title='bbox 1476 1888 1618 1926; x_wconf 92' lang='lat' dir='ltr'><strong>totum.</strong></span> <span class='ocrx_word' id='word_1_251' title='bbox 1656 1884 1836 1937; x_wconf 88' lang='lat' dir='ltr'><strong>primum</strong></span> 
     </span>
     <span class='ocr_line' id='line_1_27' title="bbox 184 1946 1837 2006; baseline 0.001 -16"><span class='ocrx_word' id='word_1_252' title='bbox 184 1954 322 1992; x_wconf 91' lang='lat' dir='ltr'><strong>tamen</strong></span> <span class='ocrx_word' id='word_1_253' title='bbox 343 1950 488 1992; x_wconf 89' lang='lat' dir='ltr'><strong>folium</strong></span> <span class='ocrx_word' id='word_1_254' title='bbox 508 1950 666 1992; x_wconf 80' lang='lat' dir='ltr'><strong>excidit</strong></span> <span class='ocrx_word' id='word_1_255' title='bbox 682 1949 738 2003; x_wconf 90' lang='lat' dir='ltr'><strong>(p.</strong></span> <span class='ocrx_word' id='word_1_256' title='bbox 753 1952 971 2005; x_wconf 79' lang='lat'><strong>2‚1—4,21</strong></span> <span class='ocrx_word' id='word_1_257' title='bbox 994 1949 1047 1991; x_wconf 76' lang='grc' dir='ltr'><strong>τὰ</strong></span> <span class='ocrx_word' id='word_1_258' title='bbox 1061 1946 1313 2006; x_wconf 74' lang='grc' dir='ltr'>Ἰουδαίων),</span> <span class='ocrx_word' id='word_1_259' title='bbox 1332 1952 1443 2005; x_wconf 88' lang='lat' dir='ltr'><strong>quod</strong></span> <span class='ocrx_word' id='word_1_260' title='bbox 1461 1951 1674 2005; x_wconf 87' lang='lat' dir='ltr'><strong>suppleuit</strong></span> <span class='ocrx_word' id='word_1_261' title='bbox 1690 1963 1837 1992; x_wconf 89' lang='lat' dir='ltr'><strong>manus</strong></span> 
     </span>
     <span class='ocr_line' id='line_1_28' title="bbox 186 2017 1840 2072; baseline 0.001 -13"><span class='ocrx_word' id='word_1_262' title='bbox 186 2017 344 2059; x_wconf 89' lang='lat' dir='ltr'><strong>saeculi</strong></span> <span class='ocrx_word' id='word_1_263' title='bbox 391 2017 479 2059; x_wconf 88' lang='lat' dir='ltr'><strong>fere</strong></span> <span class='ocrx_word' id='word_1_264' title='bbox 510 2017 607 2069; x_wconf 83' lang='lat' dir='ltr'><strong>XV,</strong></span> <span class='ocrx_word' id='word_1_265' title='bbox 648 2017 796 2059; x_wconf 90' lang='lat' dir='ltr'><strong>eadem</strong></span> <span class='ocrx_word' id='word_1_266' title='bbox 837 2022 881 2059; x_wconf 91' lang='lat' dir='ltr'><strong>ut</strong></span> <span class='ocrx_word' id='word_1_267' title='bbox 918 2019 1106 2072; x_wconf 89' lang='lat' dir='ltr'><strong>uidetur,</strong></span> <span class='ocrx_word' id='word_1_268' title='bbox 1147 2032 1255 2072; x_wconf 92' lang='lat' dir='ltr'><strong>quae</strong></span> <span class='ocrx_word' id='word_1_269' title='bbox 1288 2019 1559 2061; x_wconf 86' lang='lat' dir='ltr'><strong>Laurentiani</strong></span> <span class='ocrx_word' id='word_1_270' title='bbox 1594 2019 1642 2058; x_wconf 85' lang='lat'><strong>19</strong></span> <span class='ocrx_word' id='word_1_271' title='bbox 1684 2017 1840 2060; x_wconf 88' lang='lat' dir='ltr'><strong>damna</strong></span> 
     </span>
     <span class='ocr_line' id='line_1_29' title="bbox 185 2084 1840 2139; baseline 0 -14"><span class='ocrx_word' id='word_1_272' title='bbox 185 2084 361 2126; x_wconf 88' lang='lat' dir='ltr'><strong>refersit.</strong></span> <span class='ocrx_word' id='word_1_273' title='bbox 430 2089 651 2137; x_wconf 84' lang='lat' dir='ltr'><strong>praeterea</strong></span> <span class='ocrx_word' id='word_1_274' title='bbox 689 2086 938 2128; x_wconf 79' lang='lat' dir='ltr'><strong>exciderunt</strong></span> <span class='ocrx_word' id='word_1_275' title='bbox 975 2091 1072 2139; x_wconf 87' lang='lat' dir='ltr'><strong>post</strong></span> <span class='ocrx_word' id='word_1_276' title='bbox 1109 2086 1181 2128; x_wconf 88' lang='lat' dir='ltr'><strong>fol.</strong></span> <span class='ocrx_word' id='word_1_277' title='bbox 1223 2088 1302 2127; x_wconf 68' lang='lat'><strong>908</strong></span> <span class='ocrx_word' id='word_1_278' title='bbox 1334 2086 1430 2128; x_wconf 87' lang='lat' dir='ltr'><strong>libri</strong></span> <span class='ocrx_word' id='word_1_279' title='bbox 1463 2086 1519 2127; x_wconf 90' lang='lat' dir='ltr'><strong>VI</strong></span> <span class='ocrx_word' id='word_1_280' title='bbox 1555 2085 1649 2127; x_wconf 89' lang='lat' dir='ltr'><strong>finis</strong></span> <span class='ocrx_word' id='word_1_281' title='bbox 1690 2088 1730 2126; x_wconf 88' lang='lat' dir='ltr'><strong>et</strong></span> <span class='ocrx_word' id='word_1_282' title='bbox 1761 2084 1840 2125; x_wconf 95' lang='lat' dir='ltr'><strong>VII</strong></span> 
     </span>
     <span class='ocr_line' id='line_1_30' title="bbox 185 2148 1838 2208; baseline -0.001 -16"><span class='ocrx_word' id='word_1_283' title='bbox 185 2152 349 2194; x_wconf 82' lang='lat' dir='ltr'><strong>initium</strong></span> <span class='ocrx_word' id='word_1_284' title='bbox 371 2156 426 2205; x_wconf 86' lang='lat' dir='ltr'><strong>(p.</strong></span> <span class='ocrx_word' id='word_1_285' title='bbox 451 2155 544 2204; x_wconf 84' lang='lat'><strong>555,</strong></span> <span class='ocrx_word' id='word_1_286' title='bbox 577 2155 621 2192; x_wconf 88' lang='grc'><strong>15</strong></span> <span class='ocrx_word' id='word_1_287' title='bbox 652 2148 761 2206; x_wconf 51' lang='grc' dir='ltr'><strong>παρ)</strong></span> <span class='ocrx_word' id='word_1_288' title='bbox 799 2149 947 2201; x_wconf 76' lang='grc' dir='ltr'><em>αὐτοῖς</em></span> <span class='ocrx_word' id='word_1_289' title='bbox 980 2148 1091 2193; x_wconf 74' lang='grc' dir='ltr'><em>ἀλλὰ</em></span> <span class='ocrx_word' id='word_1_290' title='bbox 1118 2176 1165 2180; x_wconf 91' lang='grc'><strong>-</strong></span> <span class='ocrx_word' id='word_1_291' title='bbox 1189 2167 1230 2208; x_wconf 92' lang='lat' dir='ltr'><strong>p.</strong></span> <span class='ocrx_word' id='word_1_292' title='bbox 1254 2155 1348 2207; x_wconf 78' lang='lat'><strong>592,</strong></span> <span class='ocrx_word' id='word_1_293' title='bbox 1374 2157 1391 2194; x_wconf 88' lang='lat'>1</span> <span class='ocrx_word' id='word_1_294' title='bbox 1419 2151 1527 2194; x_wconf 73' lang='grc' dir='ltr'><em>ἰδεῖν</em></span> <span class='ocrx_word' id='word_1_295' title='bbox 1558 2151 1838 2198; x_wconf 73' lang='grc' dir='ltr'><strong><em>ποθοῦντες).</em></strong></span> 
     </span>
     <span class='ocr_line' id='line_1_31' title="bbox 186 2219 1839 2274; baseline -0.001 -14"><span class='ocrx_word' id='word_1_296' title='bbox 186 2220 365 2273; x_wconf 84' lang='lat' dir='ltr'><strong>margini</strong></span> <span class='ocrx_word' id='word_1_297' title='bbox 395 2220 605 2272; x_wconf 85' lang='lat' dir='ltr'><strong>ascriptae</strong></span> <span class='ocrx_word' id='word_1_298' title='bbox 636 2224 731 2261; x_wconf 90' lang='lat' dir='ltr'><strong>sunt</strong></span> <span class='ocrx_word' id='word_1_299' title='bbox 760 2232 886 2261; x_wconf 86' lang='lat' dir='ltr'><strong>manu</strong></span> <span class='ocrx_word' id='word_1_300' title='bbox 916 2221 1054 2274; x_wconf 87' lang='lat' dir='ltr'><strong>prima</strong></span> <span class='ocrx_word' id='word_1_301' title='bbox 1084 2221 1228 2262; x_wconf 85' lang='lat' dir='ltr'><strong>uariae</strong></span> <span class='ocrx_word' id='word_1_302' title='bbox 1258 2222 1460 2263; x_wconf 87' lang='lat' dir='ltr'><strong>lectiones</strong></span> <span class='ocrx_word' id='word_1_303' title='bbox 1489 2219 1683 2272; x_wconf 87' lang='lat' dir='ltr'><strong>aliaeque</strong></span> <span class='ocrx_word' id='word_1_304' title='bbox 1714 2222 1839 2260; x_wconf 89' lang='lat' dir='ltr'><strong>notae</strong></span> 
     </span>
     <span class='ocr_line' id='line_1_32' title="bbox 187 2286 1839 2339; baseline -0.002 -11"><span class='ocrx_word' id='word_1_305' title='bbox 187 2286 363 2328; x_wconf 88' lang='lat' dir='ltr'><strong>eaedem</strong></span> <span class='ocrx_word' id='word_1_306' title='bbox 399 2287 487 2328; x_wconf 87' lang='lat' dir='ltr'><strong>fere</strong></span> <span class='ocrx_word' id='word_1_307' title='bbox 526 2291 652 2339; x_wconf 87' lang='lat' dir='ltr'><strong>atque</strong></span> <span class='ocrx_word' id='word_1_308' title='bbox 692 2287 734 2327; x_wconf 90' lang='lat' dir='ltr'><strong>in</strong></span> <span class='ocrx_word' id='word_1_309' title='bbox 774 2288 963 2329; x_wconf 88' lang='lat' dir='ltr'><strong>Romano</strong></span> <span class='ocrx_word' id='word_1_310' title='bbox 1004 2288 1082 2337; x_wconf 86' lang='lat' dir='ltr'><strong>(R).</strong></span> <span class='ocrx_word' id='word_1_311' title='bbox 1162 2291 1272 2329; x_wconf 89' lang='lat' dir='ltr'><strong>totus</strong></span> <span class='ocrx_word' id='word_1_312' title='bbox 1314 2287 1491 2329; x_wconf 85' lang='lat' dir='ltr'><strong>collatus</strong></span> <span class='ocrx_word' id='word_1_313' title='bbox 1536 2290 1599 2328; x_wconf 88' lang='lat' dir='ltr'><strong>est</strong></span> <span class='ocrx_word' id='word_1_314' title='bbox 1638 2286 1680 2326; x_wconf 91' lang='lat' dir='ltr'><strong>in</strong></span> <span class='ocrx_word' id='word_1_315' title='bbox 1718 2297 1839 2326; x_wconf 91' lang='lat' dir='ltr'><strong>usum</strong></span> 
     </span>
     <span class='ocr_line' id='line_1_33' title="bbox 190 2351 1840 2407; baseline -0.002 -12"><span class='ocrx_word' id='word_1_316' title='bbox 190 2353 431 2406; x_wconf 85' lang='lat' dir='ltr'><strong>CardwelIi,</strong></span> <span class='ocrx_word' id='word_1_317' title='bbox 461 2352 576 2406; x_wconf 90' lang='lat' dir='ltr'><strong>apud</strong></span> <span class='ocrx_word' id='word_1_318' title='bbox 607 2365 729 2405; x_wconf 91' lang='lat' dir='ltr'><strong>quem</strong></span> <span class='ocrx_word' id='word_1_319' title='bbox 760 2355 899 2396; x_wconf 86' lang='lat' dir='ltr'><strong>littera</strong></span> <span class='ocrx_word' id='word_1_320' title='bbox 929 2354 968 2395; x_wconf 90' lang='lat' dir='ltr'>N</span> <span class='ocrx_word' id='word_1_321' title='bbox 998 2355 1186 2407; x_wconf 85' lang='lat' dir='ltr'><strong>signatus</strong></span> <span class='ocrx_word' id='word_1_322' title='bbox 1217 2358 1291 2397; x_wconf 86' lang='lat' dir='ltr'><strong>est.</strong></span> <span class='ocrx_word' id='word_1_323' title='bbox 1352 2353 1504 2396; x_wconf 89' lang='lat' dir='ltr'><strong>deinde</strong></span> <span class='ocrx_word' id='word_1_324' title='bbox 1534 2352 1703 2394; x_wconf 88' lang='lat' dir='ltr'><strong>Niesius</strong></span> <span class='ocrx_word' id='word_1_325' title='bbox 1733 2351 1840 2392; x_wconf 88' lang='lat' dir='ltr'><strong>uidit</strong></span> 
     </span>
     <span class='ocr_line' id='line_1_34' title="bbox 188 2417 1838 2474; baseline -0.001 -13"><span class='ocrx_word' id='word_1_326' title='bbox 188 2424 228 2461; x_wconf 92' lang='lat' dir='ltr'><strong>et</strong></span> <span class='ocrx_word' id='word_1_327' title='bbox 267 2420 382 2463; x_wconf 89' lang='lat' dir='ltr'><strong>locos</strong></span> <span class='ocrx_word' id='word_1_328' title='bbox 425 2419 629 2473; x_wconf 87' lang='lat' dir='ltr'><strong>quosdam</strong></span> <span class='ocrx_word' id='word_1_329' title='bbox 673 2421 868 2474; x_wconf 91' lang='lat' dir='ltr'><strong>contulit;</strong></span> <span class='ocrx_word' id='word_1_330' title='bbox 914 2422 1001 2464; x_wconf 91' lang='lat' dir='ltr'><strong>alia</strong></span> <span class='ocrx_word' id='word_1_331' title='bbox 1037 2421 1205 2464; x_wconf 86' lang='lat' dir='ltr'><strong>addidit</strong></span> <span class='ocrx_word' id='word_1_332' title='bbox 1248 2421 1449 2464; x_wconf 89' lang='lat' dir='ltr'><strong>Nicolaus</strong></span> <span class='ocrx_word' id='word_1_333' title='bbox 1495 2420 1622 2462; x_wconf 87' lang='lat' dir='ltr'><strong>Festa</strong></span> <span class='ocrx_word' id='word_1_334' title='bbox 1666 2417 1838 2460; x_wconf 85' lang='lat' dir='ltr'><strong>Floren-</strong></span> 
     </span>
     <span class='ocr_line' id='line_1_35' title="bbox 185 2487 307 2529; baseline 0 -1"><span class='ocrx_word' id='word_1_335' title='bbox 185 2487 307 2529; x_wconf 90' lang='lat' dir='ltr'><strong>tinus.</strong></span> 
     </span>
    </p>

    <p class='ocr_par' dir='ltr' id='par_1_4' title="bbox 187 2551 1840 2742">
     <span class='ocr_line' id='line_1_36' title="bbox 306 2551 1838 2611; baseline -0.002 -16"><span class='ocrx_word' id='word_1_336' title='bbox 306 2557 364 2595; x_wconf 93' lang='grc'><strong>10.</strong></span> <span class='ocrx_word' id='word_1_337' title='bbox 397 2554 533 2597; x_wconf 86' lang='lat' dir='ltr'><strong>codex</strong></span> <span class='ocrx_word' id='word_1_338' title='bbox 554 2555 859 2598; x_wconf 86' lang='lat' dir='ltr'><strong>Laurentianus</strong></span> <span class='ocrx_word' id='word_1_339' title='bbox 880 2556 1012 2611; x_wconf 91' lang='lat' dir='ltr'><strong>plutei</strong></span> <span class='ocrx_word' id='word_1_340' title='bbox 1034 2557 1086 2597; x_wconf 84' lang='lat'><strong>69</strong></span> <span class='ocrx_word' id='word_1_341' title='bbox 1108 2568 1195 2597; x_wconf 89' lang='lat' dir='ltr'><strong>nro.</strong></span> <span class='ocrx_word' id='word_1_342' title='bbox 1220 2557 1271 2596; x_wconf 81' lang='lat'><strong>36</strong></span> <span class='ocrx_word' id='word_1_343' title='bbox 1294 2554 1538 2597; x_wconf 88' lang='lat' dir='ltr'><strong>chartaceus</strong></span> <span class='ocrx_word' id='word_1_344' title='bbox 1561 2552 1719 2595; x_wconf 88' lang='lat' dir='ltr'><strong>saeculi</strong></span> <span class='ocrx_word' id='word_1_345' title='bbox 1740 2551 1838 2593; x_wconf 91' lang='lat' dir='ltr'><strong>XIV</strong></span> 
     </span>
     <span class='ocr_line' id='line_1_37' title="bbox 187 2620 1840 2677; baseline -0.001 -16"><span class='ocrx_word' id='word_1_346' title='bbox 187 2620 381 2662; x_wconf 85' lang='lat' dir='ltr'><strong>foliorum</strong></span> <span class='ocrx_word' id='word_1_347' title='bbox 414 2624 507 2664; x_wconf 80' lang='lat'><strong>214.</strong></span> <span class='ocrx_word' id='word_1_348' title='bbox 568 2624 756 2676; x_wconf 87' lang='lat' dir='ltr'><strong>singulos</strong></span> <span class='ocrx_word' id='word_1_349' title='bbox 792 2624 922 2666; x_wconf 88' lang='lat' dir='ltr'><strong>libros</strong></span> <span class='ocrx_word' id='word_1_350' title='bbox 952 2622 1211 2677; x_wconf 89' lang='lat' dir='ltr'><strong>praecedunt</strong></span> <span class='ocrx_word' id='word_1_351' title='bbox 1240 2625 1497 2675; x_wconf 85' lang='lat' dir='ltr'><strong>argumenta.</strong></span> <span class='ocrx_word' id='word_1_352' title='bbox 1558 2632 1607 2662; x_wconf 95' lang='lat' dir='ltr'><strong>eo</strong></span> <span class='ocrx_word' id='word_1_353' title='bbox 1637 2632 1736 2662; x_wconf 81' lang='lat' dir='ltr'><strong>usus</strong></span> <span class='ocrx_word' id='word_1_354' title='bbox 1776 2622 1840 2661; x_wconf 87' lang='lat' dir='ltr'><strong>est</strong></span> 
     </span>
     <span class='ocr_line' id='line_1_38' title="bbox 189 2686 828 2742; baseline 0.006 -14"><span class='ocrx_word' id='word_1_355' title='bbox 189 2686 463 2742; x_wconf 85' lang='lat' dir='ltr'><strong>Cardwellus‚</strong></span> <span class='ocrx_word' id='word_1_356' title='bbox 496 2691 561 2732; x_wconf 88' lang='lat' dir='ltr'><strong>cui</strong></span> <span class='ocrx_word' id='word_1_357' title='bbox 592 2691 635 2731; x_wconf 94' lang='lat' dir='ltr'>M</span> <span class='ocrx_word' id='word_1_358' title='bbox 665 2690 828 2732; x_wconf 89' lang='lat' dir='ltr'><strong>dicitur.</strong></span> 
     </span>
    </p>
   </div>
   <div class='ocr_carea' id='block_1_3' title="bbox 191 2789 453 2792">
    <p class='ocr_par' dir='ltr' id='par_1_5' title="bbox 191 2789 453 2792">
     <span class='ocr_line' id='line_1_39' title="bbox 191 2789 453 2792; baseline 0 0"><span class='ocrx_word' id='word_1_359' title='bbox 191 2789 453 2792; x_wconf 95' lang='lat' dir='ltr'><strong> </strong></span> 
     </span>
    </p>
   </div>
   <div class='ocr_carea' id='block_1_4' title="bbox 188 2822 1839 2942">
    <p class='ocr_par' dir='ltr' id='par_1_6' title="bbox 188 2822 1839 2942">
     <span class='ocr_line' id='line_1_40' title="bbox 302 2822 1839 2887; baseline -0.001 -13"><span class='ocrx_word' id='word_1_360' title='bbox 302 2822 333 2883; x_wconf 85' lang='grc'><strong>1)</strong></span> <span class='ocrx_word' id='word_1_361' title='bbox 359 2842 401 2876; x_wconf 86' lang='lat' dir='ltr'><strong>de</strong></span> <span class='ocrx_word' id='word_1_362' title='bbox 438 2843 505 2877; x_wconf 86' lang='lat' dir='ltr'><strong>hoc</strong></span> <span class='ocrx_word' id='word_1_363' title='bbox 535 2847 571 2877; x_wconf 91' lang='lat' dir='ltr'><strong>et</strong></span> <span class='ocrx_word' id='word_1_364' title='bbox 609 2844 808 2887; x_wconf 86' lang='lat' dir='ltr'><strong>insequenti</strong></span> <span class='ocrx_word' id='word_1_365' title='bbox 838 2843 919 2877; x_wconf 91' lang='lat' dir='ltr'><strong>uide</strong></span> <span class='ocrx_word' id='word_1_366' title='bbox 950 2842 1161 2876; x_wconf 88' lang='lat' dir='ltr'><strong>Bandinium</strong></span> <span class='ocrx_word' id='word_1_367' title='bbox 1201 2841 1349 2885; x_wconf 87' lang='lat' dir='ltr'><strong>catalog.</strong></span> <span class='ocrx_word' id='word_1_368' title='bbox 1382 2841 1458 2875; x_wconf 88' lang='lat' dir='ltr'><strong>cod.</strong></span> <span class='ocrx_word' id='word_1_369' title='bbox 1484 2850 1535 2883; x_wconf 85' lang='lat' dir='ltr'><strong>gr.</strong></span> <span class='ocrx_word' id='word_1_370' title='bbox 1562 2839 1647 2874; x_wconf 91' lang='lat' dir='ltr'><strong>bibl.</strong></span> <span class='ocrx_word' id='word_1_371' title='bbox 1671 2839 1778 2874; x_wconf 88' lang='lat' dir='ltr'><strong>Laur.</strong></span> <span class='ocrx_word' id='word_1_372' title='bbox 1804 2839 1839 2873; x_wconf 96' lang='lat' dir='ltr'><strong>II</strong></span> 
     </span>
     <span class='ocr_line' id='line_1_41' title="bbox 188 2897 1109 2942; baseline 0.002 -12"><span class='ocrx_word' id='word_1_373' title='bbox 188 2907 223 2940; x_wconf 90' lang='lat' dir='ltr'><strong>p.</strong></span> <span class='ocrx_word' id='word_1_374' title='bbox 250 2899 326 2932; x_wconf 83' lang='lat'><strong>639.</strong></span> <span class='ocrx_word' id='word_1_375' title='bbox 353 2900 417 2932; x_wconf 74' lang='lat'><strong>644</strong></span> <span class='ocrx_word' id='word_1_376' title='bbox 443 2902 477 2933; x_wconf 90' lang='lat' dir='ltr'><strong>et</strong></span> <span class='ocrx_word' id='word_1_377' title='bbox 502 2898 684 2933; x_wconf 86' lang='lat' dir='ltr'><strong>Cardwelli</strong></span> <span class='ocrx_word' id='word_1_378' title='bbox 707 2898 963 2942; x_wconf 85' lang='lat' dir='ltr'><strong>praefationem</strong></span> <span class='ocrx_word' id='word_1_379' title='bbox 986 2907 1022 2940; x_wconf 89' lang='lat' dir='ltr'><strong>p.</strong></span> <span class='ocrx_word' id='word_1_380' title='bbox 1048 2897 1109 2932; x_wconf 87' lang='lat' dir='ltr'><strong>VI.</strong></span> 
     </span>
    </p>
   </div>
  </div>
 </body>
</html>
