2039 3251
74 872 109 904 10

72 1209 109 1241 15

73 1547 109 1579 20

499 144 565 178 DE
592 141 749 177 BELLO
776 142 868 177 IUD.
897 141 963 175 VII
991 141 1166 175 217-225
1192 141 1239 181 (Vl
1267 145 1295 170 G.
1324 144 1366 170 VH
1398 142 1424 180 1)
1720 138 1799 173 599

143 251 299 308 ἀπέχει
340 255 385 297 δὲ
422 259 508 298 τιῦν
540 253 851 310 Ἱεροσολύμων
891 253 1098 302 σταδίους
1135 252 1382 306 τριάκοντα.
1444 251 1584 307 φόρον
1625 250 1668 293 (δὲ
1710 259 1803 299 τοῖς

142 320 478 379 ὁποι-ὁηιιοτοῦν
528 316 650 366 οἷσιν
699 319 927 371 Ἰουδαίοις
979 319 1193 373 ἐπέβαλεν
1248 320 1322 362 δύο
1378 318 1574 372 (δραχμὰς
1620 317 1800 360 ἕκαστον

142 390 348 440 κελεύσας
372 386 452 432 ἀνα
476 393 565 433 πᾶν
590 390 685 440 ἔτος
717 390 779 439 εἷς
809 388 858 431 τὸ
882 388 1175 430 Καπετώλιον
1206 390 1369 443 φέρειν,
1402 382 1552 439 ὥσπερ
1584 385 1801 440 πρότερον

143 457 205 507 εἷς
244 457 320 500 τὸν
360 457 403 499 ἓν
438 455 754 512 Ἱεροσολύμοις
795 455 903 498 νεών
943 455 1209 497 συνετέλουν.
1270 455 1341 496 καὶ
1382 452 1436 495 τὰ
1475 454 1553 507 μὲν
1580 450 1801 495 Ἰουδαίων

140 524 240 566 τότε
271 525 476 583 τοιαύτην
508 524 592 579 εἶχε
621 525 904 567 κατάστασιν.

254 594 344 635 VII.
390 598 424 636 1.
455 590 566 649 ’'J-1612
608 593 654 634 δὲ
694 592 789 640 ἔτος
828 593 1034 642 τέταρτον
1073 585 1411 630 Οὐεσπασιανοῦ
1454 587 1685 636 διέποντος
1724 586 1800 641 τὴν

141 656 372 716 ᾗγειιονίαν
404 664 558 717 συνέβη
591 658 666 701 τὸν
696 659 883 712 βασι2έα
914 658 989 714 τῆς
1011 658 1306 712 Κομμαγηνης
1331 651 1559 708 Ἀντίοχον
1591 654 1803 709 ιιεγά2αις

143 736 443 783 σιιιφοραῖς
432 731 696 769 γ’ταιοικεσιά
736 733 996 780 περιπεσεῖν
1035 721 1124 766 άπὸ
1167 739 1374 780 τοιαυτης
1407 722 1573 773 αἰτίας·
1613 724 1802 764 Καισέν-

142 811 233 845 νιος
255 800 436 846 Παῖτος,
469 791 490 836 0‘
522 796 598 849 τῆς
618 797 781 872 Συρίας
810 790 981 849 ἡγειιίὸν
1010 791 1111 834 τότε
1140 790 1439 846 καθεστηκώς,
1473 786 1553 833 εἴτ’
1591 781 1666 832 οὖν
1698 785 1804 846 ἆ2η-

141 861 288 904 θεάων
320 861 408 903 είτε
437 863 508 904 καὶ
543 860 616 903 ὄια
646 860 724 918 τὴν
756 859 869 916 πρὸς
888 856 1112 912 Ἀντίοχον
1143 859 1318 914 ε’χθραν,
1352 854 1397 900 οἰ
1435 858 1610 914 σφόδρα
1640 856 1721 913 γὰρ
1753 875 1801 900 το

142 929 282 986 σαφὲς
316 924 528 1007 ἠλέγχθη,
568 928 803 984 γράιιματα
835 927 949 982 πρὸς
981 930 1188 981 Καίσαρα
1221 926 1524 980 ὄιετε’,μψατο
1565 927 1698 980 λέγων
1728 924 1804 967 τὸν

135 992 362 1049 Ἀντίοχον
397 1013 507 1049 ιιετα
537 999 615 1039 τοῦ
646 995 811 1045 παιδὸς
836 991 1103 1051 Επιφανους
1135 996 1417 1050 ὄιεγνωκέναι
1442 990 1666 1047 Ῥωμαίων
1697 992 1804 1049 ἀφί-

141 1067 340 1106 στασθαι
380 1063 605 1120 συνθήκας
645 1062 759 1118 πρὸς
796 1081 872 1105 τον
911 1064 1099 1116 βασιλέα
1128 1065 1216 1104 τῶν
1247 1061 1450 1117 Πάρθων
1482 1063 1803 1117 πεποιημένόι

141 1132 231 1174 δεῖν
277 1129 351 1173 οὖν
391 1132 743 1187 προκατα2αβεῐν
785 1126 962 1180 αὐτούς,
1007 1129 1064 1186 μὴ
1107 1130 1368 1186 φθάσαντες
1405 1131 1492 1171 τιῦν
1531 1128 1804 1184 πραγμάτων

141 1195 401 1255 [ἄρξασθαι]
420 1201 570 1241 πᾶσαν
586 1216 664 1253 την
677 1196 900 1252 Ῥωμαίων
918 1215 1050 1256 αρχην
1067 1198 1250 1253 πολεμω
1269 1196 1611 1252 συνταράξωσιν.
1653 1195 1805 1249 εἰιε22ε
1837 1208 1846 1215 ·

140 1270 316 1321 Καῖσαρ
338 1267 540 1309 τοιούτου
571 1266 824 1323 μηνύματος
857 1262 975 1321 ‹xivf›
1006 1265 1344 1319 προσπεσόντος
1374 1263 1430 1321 μὴ
1466 1266 1701 1339 περιορᾶν·
1732 1264 1804 1305 καὶ

139 1350 221 1388 γαρ
260 1351 284 1390 η
324 1338 566 1388 γειτνίασις
604 1336 692 1376 τιῦν
730 1335 950 1388 βασιλέων
981 1332 1127 1375 εποίει
1155 1332 1204 1375 τὸ
1238 1349 1421 1388 πραγμα
1451 1331 1651 1386 ιιείζονος
1683 1328 1805 1381 ἄξιον

140 1404 375 1454 προνοίας·
407 1400 462 1442 τὰ
493 1400 574 1456 γὰρ
597 1400 837 1455 Σαμόσατα
867 1403 943 1456 τῆς
965 1402 1261 1456 Κομμαγηνῆς
1290 1403 1470 1456 ιιεγίστη
1504 1399 1636 1449 πό2ις
1665 1407 1806 1442 κεῖται

141 1467 265 1523 παρὰ
296 1467 374 1511 τὸν
397 1464 646 1525 Εἰιφράτην,
679 1465 784 1510 ὥστ’
822 1466 935 1511 εἶναι
965 1476 1059 1518 τοῖς
1089 1467 1313 1522 Πάρθοις,
1347 1467 1390 1509 εἴ
1416 1484 1459 1510 τι
1490 1469 1690 1509 τοιοῦτον
1723 1466 1813 1508 ὄιε-

141 1535 356 1593 νενοήντο,
381 1536 543 1592 ῥᾴστην
559 1536 638 1589 μὲν
654 1535 731 1594 τὴν
754 1535 961 1591 διάβασιν
980 1539 1165 1590 βεβαίαν
1189 1535 1234 1577 δὲ
1256 1533 1334 1592 τὴν
1354 1532 1589 1590 ὑποδοχήν.
1623 1548 1805 1576 πιστευ-

140 1604 241 1653 θεὶς
281 1594 355 1645 οἷν
386 1608 557 1653 Παῖτος
591 1605 664 1646 καὶ
702 1602 848 1657 λαβών
880 1603 1082 1653 ἐξουσίαν
1113 1602 1325 1654 πράττειν
1357 1601 1383 1644 ἃ
1417 1602 1535 1644 δοκεῖ
1566 1604 1806 1658 συμφέρειν

140 1666 216 1712 οὐκ
257 1670 510 1727 ἐμέλλησεν,
552 1670 765 1728 ἐξαίφνης
805 1671 851 1713 δὲ
889 1672 975 1712 τιῦν
1014 1671 1115 1724 περὶ
1149 1668 1225 1712 τὸν
1251 1665 1476 1722 Ἀντίοχον
1507 1665 1632 1712 οὖὸὲν
1664 1683 1806 1724 προσ-

252 1839 485 1875 PAMLVRC
496 1840 565 1874 Lat

257 1899 270 1930 1
300 1892 466 1942 οἷπὲ·χει
489 1899 595 1938 (eras.
620 1895 694 1930 uid.
722 1898 756 1938 σ)
781 1897 814 1930 Α
907 1892 1126 1942 τριάκοντα]
1153 1894 1334 1941 ἑξήκοντα
1361 1895 1387 1930 C
1494 1898 1512 1929 2
1540 1892 1807 1941 ὁποδηποτοῦν

139 1952 167 1986 P
196 1947 484 1998 ὁπουδηποτοῦν
501 1952 539 1986 Μ
566 1948 804 1997 ὁπουδήποτ’
829 1962 872 1986 ex
895 1949 970 1989 ὑπὸ
997 1952 1038 1996 δή
1065 1946 1157 1987 ποτ’
1183 1962 1272 1986 corr.
1291 1952 1323 1984 A
1350 1945 1450 1987 ὅπου
1474 1952 1612 1996 δήποτε
1631 1951 1806 1986 LVRZon

141 2002 240 2044 ὅπου
264 2003 400 2053 δήποτ’
427 2008 452 2041 C
549 2003 665 2047 οὖσιν,
691 2021 711 2043 ν
735 2009 758 2042 i.
783 2018 855 2043 ras.
880 2008 919 2042 M
946 2002 1028 2044 οὖσι
1053 2008 1079 2042 C
1187 2004 1359 2053 δραγμὰσ
1383 2008 1416 2040 Α
1532 2010 1550 2041 3
1575 2001 1808 2043 καπιτιόλιον

140 2063 249 2098 LZon
363 2064 597 2111 προσφέρειν
622 2066 652 2097 Α
768 2067 789 2098 4
813 2062 855 2099 ἐν
879 2074 946 2098 om.
974 2063 1000 2098 C
1123 2066 1186 2099 καὶ
1212 2084 1253 2088 ——
1280 2068 1297 2097 5
1324 2060 1558 2099 κατάστασιν
1582 2074 1651 2098 om.
1677 2063 1716 2097 M

142 2123 161 2153 6
186 2120 209 2156 i.
234 2131 343 2164 marg.
367 2117 427 2166 κη’
456 2119 481 2153 C
575 2116 610 2155 δ’
638 2120 663 2153 C
781 2115 1080 2159 οὐεσπασιανοῦ,
1105 2133 1143 2155 ια
1168 2120 1190 2155 i.
1219 2130 1288 2154 ras.
1315 2120 1354 2154 M
1471 2123 1488 2152 ‘a'
1515 2122 1755 2165 κομμαγινῆσ
1778 2119 1806 2153 Ρ

140 2177 386 2223 κομμαγενῆσ
411 2177 442 2210 A
559 2179 578 2210 8
604 2177 813 2212 πανυκεσία
837 2176 866 2210 Ρ
996 2171 1074 2213 α’πὸ
1100 2179 1168 2222 τῆσ
1192 2172 1371 2222 τοιαύτησ
1395 2176 1433 2209 Μ
1572 2175 1807 2217 Καισέννιος]

141 2232 291 2268 Hudson
308 2231 506 2268 κεσσένιοσ
523 2231 617 2266 PAL
634 2231 855 2268 κεσσέννιοσ
872 2232 910 2266 Μ
922 2232 1118 2269 κεσεῗννιοσ
1130 2232 1225 2268 VRC
1245 2232 1432 2266 cesemzius
1448 2231 1519 2266 Lat
1613 2235 1632 2266 9
1653 2234 1806 2273 Παῖτος]

141 2289 291 2324 Hudson
315 2288 435 2324 πέτοσ
460 2287 561 2324 codd.
587 2287 657 2322 Lat
773 2287 847 2324 εἴτε
874 2282 942 2324 οὖν
965 2289 997 2324 V
1131 2292 1171 2325 10
1197 2283 1241 2324 οὖ
1266 2309 1308 2313 --
1338 2291 1373 2322 11
1401 2282 1564 2333 ἠλέγχθη
1589 2298 1657 2322 om.
1684 2288 1715 2322 R

145 2393 182 2424 11
210 2390 416 2436 διεπὲψατο
442 2389 472 2424 L
614 2392 652 2423 13
678 2391 755 2424 τῶν
780 2400 847 2424 om.
873 2389 899 2424 C
1040 2393 1080 2423 14
1104 2386 1153 2435 μὴ
1179 2409 1221 2414 -
1249 2393 1289 2424 15
1315 2387 1516 2435 ἄρξασθαι]
1541 2399 1585 2423 ne
1608 2389 1641 2423 si
1659 2389 1808 2435 priores

141 2456 260 2481 nouas
284 2456 342 2481 res
372 2444 497 2480 adorti
518 2448 637 2480 essent
660 2444 730 2479 Lat
826 2448 864 2479 15
898 2443 1088 2491 ἄρξασθαι
1122 2456 1190 2480 om.
1219 2445 1339 2488 PAM,
1370 2455 1436 2480 nec
1469 2445 1539 2481 uid.
1565 2445 1665 2479 locus
1692 2454 1802 2479 sanus

142 2512 220 2537 esse
335 2504 464 2538 πᾶσαν
487 2505 695 2545 suspectum
721 2501 909 2536 Destinoni
1024 2498 1166 2544 ἔμελλε]
1199 2498 1328 2546 ἔμελλε
1361 2501 1398 2538 δὲ
1432 2500 1706 2536 AMLVRGLat

145 2562 185 2593 18
211 2555 415 2603 σαμοσάτα
441 2557 605 2593 PALVR
718 2560 965 2604 κομμαγενῆσ
989 2556 1022 2592 A
1045 2560 1311 2604 κομμαγηνῆσ,
1348 2571 1390 2604 ην
1421 2567 1464 2592 ex
1491 2567 1579 2592 corr.
1607 2557 1639 2592 V
1663 2570 1807 2601 κομμα-

142 2617 249 2660 γινῆσ
276 2614 301 2648 C
393 2615 562 2661 μεγίστη]
587 2613 746 2660 μετέστη
770 2614 832 2648 ΡΑ
857 2610 877 2660 ἧ
902 2615 1060 2660 μεγίστη
1084 2614 1114 2648 L
1201 2617 1335 2655 κεῖται]
1360 2619 1480 2649 κεῖται
1506 2613 1544 2648 δὲ
1569 2613 1602 2645 Α
1625 2614 1688 2648 καὶ
1714 2613 1740 2647 C

147 2673 186 2705 19
214 2664 314 2707 ὥστε
338 2671 404 2706 VR
496 2676 582 2706 τοῖσ
605 2680 649 2704 ex
674 2675 737 2706 τοῖ
761 2680 852 2704 corr.
879 2671 911 2703 A
1025 2666 1209 2717 πιέρθοισ,
1236 2684 1257 2717 ρ
1281 2669 1304 2705 i.
1330 2679 1401 2704 ras.
1427 2668 1561 2703 maiore
1585 2669 1615 2703 L
1709 2666 1748 2704 εἷ’
1766 2689 1808 2693 ——

144 2726 393 2772 διενενόηντο]
418 2737 573 2771 namque
596 2726 636 2760 id
658 2726 915 2772 coqz'tauerunt
939 2726 1008 2760 Lat
1101 2729 1253 2762 τοιοῦτο
1280 2726 1385 2760 AML
1489 2723 1702 2771 διενενόητο
1728 2725 1807 2759 A¹L

145 2776 336 2828 διενόηντο
363 2782 389 2816 C
494 2785 535 2816 20
561 2784 799 2818 πειστευθεὶσ
825 2782 850 2816 C
967 2786 1004 2817 2¹.
1036 2776 1113 2824 οὖν]
1140 2777 1207 2819 οὖν
1233 2778 1252 2818 ὃ
1279 2781 1382 2817 AML
1411 2778 1431 2817 ὃ
1458 2781 1484 2815 Ρ
1511 2782 1624 2826 2'92'lur
1647 2781 1717 2816 Lat

145 2837 264 2873 πέτοσ
289 2837 390 2872 codd.
416 2838 486 2872 Lat
590 2840 631 2872 22
655 2836 833 2884 ἐμέλησεν
857 2838 886 2872 L
1003 2840 1080 2874 τῶν
1105 2847 1147 2872 ex
1173 2848 1265 2873 corr.
1292 2838 1330 2872 M
1423 2835 1721 2884 προσδοκόντων
1747 2837 1808 2871 PV

146 2891 465 2938 προσδοκούντων
489 2894 521 2926 A

1834 592 1915 631 219

1835 726 1915 765 220

1836 929 1912 968 221
