<?xml version="1.0" encoding="UTF-8"?>
<!DOCTYPE html PUBLIC "-//W3C//DTD XHTML 1.0 Transitional//EN"
    "http://www.w3.org/TR/xhtml1/DTD/xhtml1-transitional.dtd">
<html xmlns="http://www.w3.org/1999/xhtml" xml:lang="en" lang="en">
 <head>
  <title>
</title>
<meta http-equiv="Content-Type" content="text/html;charset=utf-8" />
  <meta name='ocr-system' content='tesseract 3.04.00' />
  <meta name='ocr-capabilities' content='ocr_page ocr_carea ocr_par ocr_line ocrx_word'/>
</head>
<body>
  <div class='ocr_page' id='page_1' title='image "./operajosephus06joseuoft/operajosephus06joseuoft_0609.png"; bbox 0 0 2039 3251; ppageno 0'>
   <div class='ocr_carea' id='block_1_1' title="bbox 75 545 92 574">
    <p class='ocr_par' dir='ltr' id='par_1_1' title="bbox 75 545 92 574">
     <span class='ocr_line' id='line_1_1' title="bbox 75 545 92 574; baseline 0 0"><span class='ocrx_word' id='word_1_1' title='bbox 75 545 92 574; x_wconf 77' lang='grc'>5</span> 
     </span>
    </p>
   </div>
   <div class='ocr_carea' id='block_1_2' title="bbox 62 883 96 913">
    <p class='ocr_par' dir='ltr' id='par_1_2' title="bbox 62 883 96 913">
     <span class='ocr_line' id='line_1_2' title="bbox 62 883 96 913; baseline 0 0"><span class='ocrx_word' id='word_1_2' title='bbox 62 883 96 913; x_wconf 86' lang='grc'>10</span> 
     </span>
    </p>
   </div>
   <div class='ocr_carea' id='block_1_3' title="bbox 63 1220 96 1251">
    <p class='ocr_par' dir='ltr' id='par_1_3' title="bbox 63 1220 96 1251">
     <span class='ocr_line' id='line_1_3' title="bbox 63 1220 96 1251; baseline 0 0"><span class='ocrx_word' id='word_1_3' title='bbox 63 1220 96 1251; x_wconf 85' lang='grc'>15</span> 
     </span>
    </p>
   </div>
   <div class='ocr_carea' id='block_1_4' title="bbox 63 1557 100 1588">
    <p class='ocr_par' dir='ltr' id='par_1_4' title="bbox 63 1557 100 1588">
     <span class='ocr_line' id='line_1_4' title="bbox 63 1557 100 1588; baseline 0 0"><span class='ocrx_word' id='word_1_4' title='bbox 63 1557 100 1588; x_wconf 87' lang='grc'><em>20</em></span> 
     </span>
    </p>
   </div>
   <div class='ocr_carea' id='block_1_5' title="bbox 61 1896 97 1928">
    <p class='ocr_par' dir='ltr' id='par_1_5' title="bbox 61 1896 97 1928">
     <span class='ocr_line' id='line_1_5' title="bbox 61 1896 97 1928; baseline -0.028 0"><span class='ocrx_word' id='word_1_5' title='bbox 61 1896 97 1928; x_wconf 82' lang='lat'><em>25</em></span> 
     </span>
    </p>
   </div>
   <div class='ocr_carea' id='block_1_6' title="bbox 543 149 1786 192">
    <p class='ocr_par' dir='ltr' id='par_1_6' title="bbox 543 149 1786 192">
     <span class='ocr_line' id='line_1_6' title="bbox 543 149 1786 192; baseline 0.001 -8"><span class='ocrx_word' id='word_1_6' title='bbox 543 150 609 184; x_wconf 75' lang='lat' dir='ltr'><em>DE</em></span> <span class='ocrx_word' id='word_1_7' title='bbox 635 149 795 184; x_wconf 81' lang='lat' dir='ltr'>BELLO</span> <span class='ocrx_word' id='word_1_8' title='bbox 821 149 916 184; x_wconf 89' lang='lat' dir='ltr'><strong>IUD.</strong></span> <span class='ocrx_word' id='word_1_9' title='bbox 943 149 993 184; x_wconf 89' lang='lat' dir='ltr'><em>VI</em></span> <span class='ocrx_word' id='word_1_10' title='bbox 1022 152 1198 184; x_wconf 75' lang='lat'>124—133</span> <span class='ocrx_word' id='word_1_11' title='bbox 1224 151 1259 192; x_wconf 89' lang='grc' dir='ltr'><em>(ΙΙ</em></span> <span class='ocrx_word' id='word_1_12' title='bbox 1288 157 1316 182; x_wconf 70' lang='grc' dir='ltr'><em>Δι.</em></span> <span class='ocrx_word' id='word_1_13' title='bbox 1345 152 1376 192; x_wconf 83' lang='grc'><em>5)</em></span> <span class='ocrx_word' id='word_1_14' title='bbox 1707 150 1786 186; x_wconf 69' lang='grc'><em>529</em></span> 
     </span>
    </p>
   </div>
   <div class='ocr_carea' id='block_1_7' title="bbox 607 253 668 273">
    <p class='ocr_par' dir='ltr' id='par_1_7' title="bbox 607 253 668 273">
     <span class='ocr_line' id='line_1_7' title="bbox 607 253 668 273; baseline 0.016 -1"><span class='ocrx_word' id='word_1_15' title='bbox 607 253 621 272; x_wconf 72' lang='lat'>3</span> <span class='ocrx_word' id='word_1_16' title='bbox 660 258 668 273; x_wconf 84' lang='lat'>)</span> 
     </span>
    </p>
   </div>
   <div class='ocr_carea' id='block_1_8' title="bbox 118 253 1800 2012">
    <p class='ocr_par' dir='ltr' id='par_1_8' title="bbox 118 253 1794 1119">
     <span class='ocr_line' id='line_1_8' title="bbox 118 253 1789 321; baseline -0.001 -14"><span class='ocrx_word' id='word_1_17' title='bbox 118 261 342 321; x_wconf 76' lang='grc' dir='ltr'><em>Ἰωάννην,</em></span> <span class='ocrx_word' id='word_1_18' title='bbox 390 264 524 319; x_wconf 88' lang='grc' dir='ltr'><em>λέγων</em></span> <span class='ocrx_word' id='word_1_19' title='bbox 566 280 650 317; x_wconf 89' lang='grc' dir='ltr'><em>,,αρ</em></span> <span class='ocrx_word' id='word_1_20' title='bbox 715 258 789 315; x_wconf 80' lang='grc' dir='ltr'><em>οὐχ</em></span> <span class='ocrx_word' id='word_1_21' title='bbox 828 260 970 316; x_wconf 56' lang='grc' dir='ltr'><em>1ἶμεῑς,</em></span> <span class='ocrx_word' id='word_1_22' title='bbox 1012 253 1045 303; x_wconf 71' lang='grc' dir='ltr'><em>ὦ</em></span> <span class='ocrx_word' id='word_1_23' title='bbox 1086 263 1385 318; x_wconf 75' lang='grc' dir='ltr'><em>μιαρώτατοι,</em></span> <span class='ocrx_word' id='word_1_24' title='bbox 1425 261 1502 305; x_wconf 80' lang='grc' dir='ltr'><em>τὸν</em></span> <span class='ocrx_word' id='word_1_25' title='bbox 1543 263 1789 320; x_wconf 75' lang='grc' dir='ltr'><em>δρύφακτον</em></span> 
     </span>
     <span class='ocr_line' id='line_1_9' title="bbox 124 326 1790 389; baseline -0.001 -14"><span class='ocrx_word' id='word_1_26' title='bbox 124 335 279 375; x_wconf 72' lang='grc' dir='ltr'><em>τοῦτον</em></span> <span class='ocrx_word' id='word_1_27' title='bbox 310 330 621 386; x_wconf 70' lang='grc' dir='ltr'><em>προεβάλεσθε</em></span> <span class='ocrx_word' id='word_1_28' title='bbox 650 332 737 371; x_wconf 84' lang='grc' dir='ltr'><em>τιῦν</em></span> <span class='ocrx_word' id='word_1_29' title='bbox 770 328 930 384; x_wconf 81' lang='grc' dir='ltr'><em>ἆγίων,·</em></span> <span class='ocrx_word' id='word_1_30' title='bbox 963 326 1038 383; x_wconf 74' lang='grc' dir='ltr'><em>οὐχ</em></span> <span class='ocrx_word' id='word_1_31' title='bbox 1069 328 1194 384; x_wconf 64' lang='grc' dir='ltr'><em>’ὑμεῖς</em></span> <span class='ocrx_word' id='word_1_32' title='bbox 1217 331 1262 372; x_wconf 79' lang='grc' dir='ltr'><em>δὲ</em></span> <span class='ocrx_word' id='word_1_33' title='bbox 1290 330 1369 380; x_wconf 76' lang='grc' dir='ltr'><em>τὰς</em></span> <span class='ocrx_word' id='word_1_34' title='bbox 1401 329 1445 372; x_wconf 71' lang='grc' dir='ltr'><em>εἶν</em></span> <span class='ocrx_word' id='word_1_35' title='bbox 1477 326 1596 386; x_wconf 70' lang='grc' dir='ltr'><em>αὐτῷ</em></span> <span class='ocrx_word' id='word_1_36' title='bbox 1628 331 1790 389; x_wconf 89' lang='grc' dir='ltr'><em>στήλας</em></span> 
     </span>
     <span class='ocr_line' id='line_1_10' title="bbox 127 395 1789 457; baseline -0.001 -15"><span class='ocrx_word' id='word_1_37' title='bbox 127 400 396 457; x_wconf 83' lang='grc' dir='ltr'><em>διεστήσατε,</em></span> <span class='ocrx_word' id='word_1_38' title='bbox 428 398 680 454; x_wconf 87' lang='grc' dir='ltr'><em>γράμμασιν</em></span> <span class='ocrx_word' id='word_1_39' title='bbox 707 395 971 454; x_wconf 85' lang='grc' dir='ltr'><em>Ἑλληνικοῖς</em></span> <span class='ocrx_word' id='word_1_40' title='bbox 995 415 1066 439; x_wconf 76' lang='grc' dir='ltr'><em>και,</em></span> <span class='ocrx_word' id='word_1_41' title='bbox 1091 395 1316 454; x_wconf 79' lang='grc' dir='ltr'><em>ημετέροις</em></span> <span class='ocrx_word' id='word_1_42' title='bbox 1341 401 1673 453; x_wconf 67' lang='grc' dir='ltr'><em>κεχαραγμένας,</em></span> <span class='ocrx_word' id='word_1_43' title='bbox 1705 415 1789 455; x_wconf 89' lang='grc' dir='ltr'><em>μη-</em></span> 
     </span>
     <span class='ocr_line' id='line_1_11' title="bbox 128 461 1786 523; baseline -0.001 -13"><span class='ocrx_word' id='word_1_44' title='bbox 128 469 228 511; x_wconf 81' lang='grc' dir='ltr'><em>δένα</em></span> <span class='ocrx_word' id='word_1_45' title='bbox 251 467 298 510; x_wconf 82' lang='grc' dir='ltr'><em>τὸ</em></span> <span class='ocrx_word' id='word_1_46' title='bbox 322 471 487 523; x_wconf 83' lang='grc' dir='ltr'><em>γείσιον</em></span> <span class='ocrx_word' id='word_1_47' title='bbox 521 464 555 508; x_wconf 79' lang='grc' dir='ltr'><em>ἱ·</em></span> <span class='ocrx_word' id='word_1_48' title='bbox 555 469 801 520; x_wconf 74' lang='grc' dir='ltr'><em>τερράίνειν</em></span> <span class='ocrx_word' id='word_1_49' title='bbox 833 468 1173 519; x_wconf 70' lang='grc' dir='ltr'><em>ταοαγγελλειι,</em></span> <span class='ocrx_word' id='word_1_50' title='bbox 1206 461 1280 517; x_wconf 71' lang='grc' dir='ltr'><em>οἰχ</em></span> <span class='ocrx_word' id='word_1_51' title='bbox 1306 463 1428 518; x_wconf 77' lang='grc' dir='ltr'><em>ιιιεῖς</em></span> <span class='ocrx_word' id='word_1_52' title='bbox 1451 466 1496 507; x_wconf 78' lang='grc' dir='ltr'><em>δὲ</em></span> <span class='ocrx_word' id='word_1_53' title='bbox 1518 464 1621 515; x_wconf 80' lang='grc' dir='ltr'><em>τοὺς</em></span> <span class='ocrx_word' id='word_1_54' title='bbox 1651 463 1786 522; x_wconf 65' lang='lat' dir='ltr'><em>{sceq-</em></span> 
     </span>
     <span class='ocr_line' id='line_1_12' title="bbox 123 530 1789 590; baseline 0 -13"><span class='ocrx_word' id='word_1_55' title='bbox 123 537 288 590; x_wconf 58' lang='grc' dir='ltr'><em>βάντας</em></span> <span class='ocrx_word' id='word_1_56' title='bbox 321 533 417 578; x_wconf 75' lang='grc' dir='ltr'><em>ἱιιῑι</em></span> <span class='ocrx_word' id='word_1_57' title='bbox 451 530 647 587; x_wconf 76' lang='grc' dir='ltr'><em>αναιρεῐι</em></span> <span class='ocrx_word' id='word_1_58' title='bbox 679 532 711 574; x_wconf 78' lang='grc' dir='ltr'><em>ὲ</em></span> <span class='ocrx_word' id='word_1_59' title='bbox 711 535 1001 587; x_wconf 76' lang='grc' dir='ltr'><em>ιτετρέψαμεν,</em></span> <span class='ocrx_word' id='word_1_60' title='bbox 1034 549 1112 573; x_wconf 89' lang='grc' dir='ltr'><em>καν</em></span> <span class='ocrx_word' id='word_1_61' title='bbox 1131 530 1340 586; x_wconf 76' lang='grc' dir='ltr'><em>Ἱίοιιαῑός</em></span> <span class='ocrx_word' id='word_1_62' title='bbox 1370 550 1438 582; x_wconf 85' lang='grc' dir='ltr'><em>τις</em></span> <span class='ocrx_word' id='word_1_63' title='bbox 1458 531 1508 589; x_wconf 70' lang='lat' dir='ltr'><em>JJ5</em></span> <span class='ocrx_word' id='word_1_64' title='bbox 1538 537 1582 576; x_wconf 90' lang='grc' dir='ltr'><em>τί</em></span> <span class='ocrx_word' id='word_1_65' title='bbox 1605 550 1680 576; x_wconf 87' lang='grc' dir='ltr'><em>ουν</em></span> <span class='ocrx_word' id='word_1_66' title='bbox 1703 536 1789 585; x_wconf 79' lang='grc' dir='ltr'><em>νῦν,</em></span> 
     </span>
     <span class='ocr_line' id='line_1_13' title="bbox 127 596 1789 661; baseline 0 -17"><span class='ocrx_word' id='word_1_67' title='bbox 127 600 360 661; x_wconf 78' lang='grc' dir='ltr'><em>άλιτηριοι,</em></span> <span class='ocrx_word' id='word_1_68' title='bbox 393 604 465 644; x_wconf 81' lang='grc' dir='ltr'><em>καὶ</em></span> <span class='ocrx_word' id='word_1_69' title='bbox 497 617 671 655; x_wconf 82' lang='grc' dir='ltr'><em>νεκρους</em></span> <span class='ocrx_word' id='word_1_70' title='bbox 703 600 747 643; x_wconf 72' lang='grc' dir='ltr'><em>ἐν</em></span> <span class='ocrx_word' id='word_1_71' title='bbox 774 596 892 654; x_wconf 71' lang='grc' dir='ltr'><em>αὐτῶ</em></span> <span class='ocrx_word' id='word_1_72' title='bbox 923 608 1243 652; x_wconf 80' lang='grc' dir='ltr'><em>καταπατεῖτε,-</em></span> <span class='ocrx_word' id='word_1_73' title='bbox 1274 604 1319 642; x_wconf 93' lang='grc' dir='ltr'><em>τί</em></span> <span class='ocrx_word' id='word_1_74' title='bbox 1341 600 1386 642; x_wconf 80' lang='grc' dir='ltr'><em>δὲ</em></span> <span class='ocrx_word' id='word_1_75' title='bbox 1406 601 1483 643; x_wconf 78' lang='grc' dir='ltr'><em>τὸν</em></span> <span class='ocrx_word' id='word_1_76' title='bbox 1506 601 1611 644; x_wconf 82' lang='grc' dir='ltr'><em>ναὸν</em></span> <span class='ocrx_word' id='word_1_77' title='bbox 1635 602 1789 656; x_wconf 87' lang='grc' dir='ltr'><em>αι’ματι</em></span> 
     </span>
     <span class='ocr_line' id='line_1_14' title="bbox 127 666 1794 726; baseline 0 -14"><span class='ocrx_word' id='word_1_78' title='bbox 127 670 233 726; x_wconf 76' lang='grc' dir='ltr'><em>ξένῳ</em></span> <span class='ocrx_word' id='word_1_79' title='bbox 264 672 335 712; x_wconf 84' lang='grc' dir='ltr'><em>καὶ</em></span> <span class='ocrx_word' id='word_1_80' title='bbox 369 669 561 725; x_wconf 78' lang='grc' dir='ltr'><em>ἐγχωρίῳ</em></span> <span class='ocrx_word' id='word_1_81' title='bbox 594 668 775 726; x_wconf 70' lang='grc' dir='ltr'><em>φύρετε,-</em></span> <span class='ocrx_word' id='word_1_82' title='bbox 805 666 1085 722; x_wconf 82' lang='grc' dir='ltr'><em>μαρτόρομαι</em></span> <span class='ocrx_word' id='word_1_83' title='bbox 1116 666 1252 716; x_wconf 62' lang='grc' dir='ltr'><em>θεοὺς</em></span> <span class='ocrx_word' id='word_1_84' title='bbox 1284 666 1365 722; x_wconf 75' lang='grc' dir='ltr'><em>ἐγώ</em></span> <span class='ocrx_word' id='word_1_85' title='bbox 1398 672 1614 723; x_wconf 84' lang='grc' dir='ltr'><em>πατρίους</em></span> <span class='ocrx_word' id='word_1_86' title='bbox 1645 671 1719 712; x_wconf 83' lang='grc' dir='ltr'><em>καὶ</em></span> <span class='ocrx_word' id='word_1_87' title='bbox 1751 669 1794 711; x_wconf 73' lang='grc' dir='ltr'><em>εἴ</em></span> 
     </span>
     <span class='ocr_line' id='line_1_15' title="bbox 125 731 1790 794; baseline -0.001 -14"><span class='ocrx_word' id='word_1_88' title='bbox 125 754 192 787; x_wconf 78' lang='grc' dir='ltr'><em>τις</em></span> <span class='ocrx_word' id='word_1_89' title='bbox 224 737 398 794; x_wconf 74' lang='grc' dir='ltr'><em>ἐφεώρα</em></span> <span class='ocrx_word' id='word_1_90' title='bbox 430 738 540 780; x_wconf 74' lang='grc' dir='ltr'><em>ποτε</em></span> <span class='ocrx_word' id='word_1_91' title='bbox 569 737 696 779; x_wconf 89' lang='grc' dir='ltr'><em>τόνδε</em></span> <span class='ocrx_word' id='word_1_92' title='bbox 725 734 803 777; x_wconf 80' lang='grc' dir='ltr'><em>τὸν</em></span> <span class='ocrx_word' id='word_1_93' title='bbox 832 737 986 788; x_wconf 78' lang='grc' dir='ltr'><em>χῶρον,</em></span> <span class='ocrx_word' id='word_1_94' title='bbox 1022 735 1093 775; x_wconf 72' lang='grc' dir='ltr'><em>νῦν</em></span> <span class='ocrx_word' id='word_1_95' title='bbox 1114 733 1193 787; x_wconf 80' lang='grc' dir='ltr'><em>μὲν</em></span> <span class='ocrx_word' id='word_1_96' title='bbox 1213 734 1296 790; x_wconf 75' lang='grc' dir='ltr'><em>γὰρ</em></span> <span class='ocrx_word' id='word_1_97' title='bbox 1319 731 1395 777; x_wconf 70' lang='grc' dir='ltr'><em>οὐκ</em></span> <span class='ocrx_word' id='word_1_98' title='bbox 1426 735 1591 789; x_wconf 76' lang='grc' dir='ltr'><em>οἴομαι,</em></span> <span class='ocrx_word' id='word_1_99' title='bbox 1624 734 1790 792; x_wconf 71' lang='grc' dir='ltr'><em>μαρτυ-</em></span> 
     </span>
     <span class='ocr_line' id='line_1_16' title="bbox 126 799 1789 860; baseline 0 -13"><span class='ocrx_word' id='word_1_100' title='bbox 126 822 261 859; x_wconf 86' lang='grc' dir='ltr'><em>ρομαι</em></span> <span class='ocrx_word' id='word_1_101' title='bbox 295 806 340 848; x_wconf 79' lang='grc' dir='ltr'><em>δὲ</em></span> <span class='ocrx_word' id='word_1_102' title='bbox 371 807 440 848; x_wconf 83' lang='grc' dir='ltr'><em>καὶ</em></span> <span class='ocrx_word' id='word_1_103' title='bbox 478 803 689 860; x_wconf 79' lang='grc' dir='ltr'><em>στρατιὰν</em></span> <span class='ocrx_word' id='word_1_104' title='bbox 719 802 797 859; x_wconf 75' lang='grc' dir='ltr'><em>τὴν</em></span> <span class='ocrx_word' id='word_1_105' title='bbox 829 801 935 858; x_wconf 65' lang='grc' dir='ltr'><em>ἐμὴν</em></span> <span class='ocrx_word' id='word_1_106' title='bbox 956 803 1027 844; x_wconf 79' lang='grc' dir='ltr'><em>καὶ</em></span> <span class='ocrx_word' id='word_1_107' title='bbox 1051 800 1154 850; x_wconf 67' lang='grc' dir='ltr'><em>τοί-ς</em></span> <span class='ocrx_word' id='word_1_108' title='bbox 1184 799 1295 856; x_wconf 70' lang='grc' dir='ltr'><em>παρ’</em></span> <span class='ocrx_word' id='word_1_109' title='bbox 1324 802 1423 856; x_wconf 73' lang='grc' dir='ltr'><em>ἐμοὶ</em></span> <span class='ocrx_word' id='word_1_110' title='bbox 1449 799 1688 853; x_wconf 76' lang='grc' dir='ltr'><em>Ἰουδαίους</em></span> <span class='ocrx_word' id='word_1_111' title='bbox 1718 806 1789 847; x_wconf 84' lang='grc' dir='ltr'><em>καὶ</em></span> 
     </span>
     <span class='ocr_line' id='line_1_17' title="bbox 129 864 1790 926; baseline -0.002 -11"><span class='ocrx_word' id='word_1_112' title='bbox 129 871 238 926; x_wconf 63' lang='grc' dir='ltr'><em>ὑμᾶς</em></span> <span class='ocrx_word' id='word_1_113' title='bbox 269 869 438 924; x_wconf 74' lang='grc' dir='ltr'><em>αὐτούς,</em></span> <span class='ocrx_word' id='word_1_114' title='bbox 471 869 531 921; x_wconf 76' lang='grc' dir='ltr'><em>ὡς</em></span> <span class='ocrx_word' id='word_1_115' title='bbox 561 867 636 913; x_wconf 73' lang='grc' dir='ltr'><em>οὐκ</em></span> <span class='ocrx_word' id='word_1_116' title='bbox 667 869 747 925; x_wconf 75' lang='grc' dir='ltr'><em>ἐγώ</em></span> <span class='ocrx_word' id='word_1_117' title='bbox 780 866 913 912; x_wconf 72' lang='grc' dir='ltr'><em>ταῦθ’</em></span> <span class='ocrx_word' id='word_1_118' title='bbox 950 867 1063 923; x_wconf 73' lang='grc' dir='ltr'><em>ὑμᾶς</em></span> <span class='ocrx_word' id='word_1_119' title='bbox 1095 865 1321 925; x_wconf 75' lang='grc' dir='ltr'><em>ἀναγκάζω</em></span> <span class='ocrx_word' id='word_1_120' title='bbox 1352 874 1558 923; x_wconf 89' lang='grc' dir='ltr'><em>μιαίνειν.</em></span> <span class='ocrx_word' id='word_1_121' title='bbox 1610 864 1689 912; x_wconf 67' lang='grc' dir='ltr'><em>κᾶν</em></span> <span class='ocrx_word' id='word_1_122' title='bbox 1713 867 1790 912; x_wconf 82' lang='grc' dir='ltr'><em>άλ-</em></span> 
     </span>
     <span class='ocr_line' id='line_1_18' title="bbox 127 934 1792 997; baseline -0.002 -15"><span class='ocrx_word' id='word_1_123' title='bbox 127 938 283 997; x_wconf 79' lang='grc' dir='ltr'><em>λάξητε</em></span> <span class='ocrx_word' id='word_1_124' title='bbox 320 943 398 996; x_wconf 74' lang='grc' dir='ltr'><em>τῆς</em></span> <span class='ocrx_word' id='word_1_125' title='bbox 436 939 726 995; x_wconf 77' lang='grc' dir='ltr'><em>παρατάξεως</em></span> <span class='ocrx_word' id='word_1_126' title='bbox 763 936 840 980; x_wconf 81' lang='grc' dir='ltr'><em>τὸν</em></span> <span class='ocrx_word' id='word_1_127' title='bbox 879 937 1042 988; x_wconf 80' lang='grc' dir='ltr'><em>τόπον,</em></span> <span class='ocrx_word' id='word_1_128' title='bbox 1085 934 1186 979; x_wconf 70' lang='grc' dir='ltr'><em>οὔτε</em></span> <span class='ocrx_word' id='word_1_129' title='bbox 1222 937 1570 992; x_wconf 73' lang='grc' dir='ltr'><em>προσελεύσεταί</em></span> <span class='ocrx_word' id='word_1_130' title='bbox 1599 954 1667 988; x_wconf 86' lang='grc' dir='ltr'><em>τις</em></span> <span class='ocrx_word' id='word_1_131' title='bbox 1694 935 1792 981; x_wconf 85' lang='grc' dir='ltr'><em>Ῥω-</em></span> 
     </span>
     <span class='ocr_line' id='line_1_19' title="bbox 126 1002 1790 1063; baseline -0.001 -14"><span class='ocrx_word' id='word_1_132' title='bbox 126 1013 270 1062; x_wconf 89' lang='grc' dir='ltr'><em>μαίων</em></span> <span class='ocrx_word' id='word_1_133' title='bbox 299 1017 392 1058; x_wconf 88' lang='grc' dir='ltr'><em>τοῖς</em></span> <span class='ocrx_word' id='word_1_134' title='bbox 423 1006 566 1063; x_wconf 80' lang='grc' dir='ltr'><em>ἁγίοις</em></span> <span class='ocrx_word' id='word_1_135' title='bbox 597 1003 696 1049; x_wconf 69' lang='grc' dir='ltr'><em>οὔτε</em></span> <span class='ocrx_word' id='word_1_136' title='bbox 728 1004 958 1061; x_wconf 77' lang='grc' dir='ltr'><em>ἐνυβρίσει,</em></span> <span class='ocrx_word' id='word_1_137' title='bbox 991 1005 1167 1062; x_wconf 90' lang='grc' dir='ltr'><em>τηρήσω</em></span> <span class='ocrx_word' id='word_1_138' title='bbox 1191 1005 1237 1048; x_wconf 74' lang='grc' dir='ltr'><em>δὲ</em></span> <span class='ocrx_word' id='word_1_139' title='bbox 1257 1004 1336 1048; x_wconf 83' lang='grc' dir='ltr'><em>τὸν</em></span> <span class='ocrx_word' id='word_1_140' title='bbox 1358 1004 1464 1048; x_wconf 82' lang='grc' dir='ltr'><em>ναὸν</em></span> <span class='ocrx_word' id='word_1_141' title='bbox 1495 1002 1597 1059; x_wconf 67' lang='grc' dir='ltr'><em>ὑμῖν</em></span> <span class='ocrx_word' id='word_1_142' title='bbox 1628 1007 1700 1048; x_wconf 82' lang='grc' dir='ltr'><em>καὶ</em></span> <span class='ocrx_word' id='word_1_143' title='bbox 1733 1004 1790 1062; x_wconf 77' lang='grc' dir='ltr'><em>μὴ</em></span> 
     </span>
     <span class='ocr_line' id='line_1_20' title="bbox 127 1077 355 1119; baseline 0.009 -3"><span class='ocrx_word' id='word_1_144' title='bbox 127 1077 355 1119; x_wconf 64' lang='grc' dir='ltr'><em>θέλουσι.“</em></span> 
     </span>
    </p>

    <p class='ocr_par' dir='ltr' id='par_1_9' title="bbox 127 1136 1800 2012">
     <span class='ocr_line' id='line_1_21' title="bbox 241 1136 1791 1196; baseline -0.001 -11"><span class='ocrx_word' id='word_1_145' title='bbox 241 1148 278 1186; x_wconf 83' lang='lat'><em>5.</em></span> <span class='ocrx_word' id='word_1_146' title='bbox 330 1149 479 1184; x_wconf 85' lang='grc' dir='ltr'><em>Ταῦτα</em></span> <span class='ocrx_word' id='word_1_147' title='bbox 518 1143 595 1184; x_wconf 81' lang='grc' dir='ltr'><em>τοῦ</em></span> <span class='ocrx_word' id='word_1_148' title='bbox 629 1136 845 1196; x_wconf 76' lang='grc' dir='ltr'><em>Ἰωσήπου</em></span> <span class='ocrx_word' id='word_1_149' title='bbox 887 1140 1219 1195; x_wconf 75' lang='grc' dir='ltr'><em>διαγγέλλοντος</em></span> <span class='ocrx_word' id='word_1_150' title='bbox 1260 1139 1304 1183; x_wconf 74' lang='grc' dir='ltr'><em>ἐκ</em></span> <span class='ocrx_word' id='word_1_151' title='bbox 1343 1143 1421 1183; x_wconf 85' lang='grc' dir='ltr'><em>τοῦ</em></span> <span class='ocrx_word' id='word_1_152' title='bbox 1460 1144 1707 1196; x_wconf 88' lang='grc' dir='ltr'><em>Καίσαρος,</em></span> <span class='ocrx_word' id='word_1_153' title='bbox 1750 1142 1791 1184; x_wconf 85' lang='grc' dir='ltr'><em>οἷ</em></span> 
     </span>
     <span class='ocr_line' id='line_1_22' title="bbox 128 1204 1794 1267; baseline -0.002 -14"><span class='ocrx_word' id='word_1_154' title='bbox 128 1211 283 1267; x_wconf 73' lang='grc' dir='ltr'><em>λῃσταὶ</em></span> <span class='ocrx_word' id='word_1_155' title='bbox 315 1212 386 1253; x_wconf 78' lang='grc' dir='ltr'><em>καὶ</em></span> <span class='ocrx_word' id='word_1_156' title='bbox 410 1207 431 1252; x_wconf 81' lang='grc' dir='ltr'>ὁ</span> <span class='ocrx_word' id='word_1_157' title='bbox 456 1210 667 1264; x_wconf 82' lang='grc' dir='ltr'><em>τύραννος</em></span> <span class='ocrx_word' id='word_1_158' title='bbox 689 1206 765 1251; x_wconf 75' lang='grc' dir='ltr'><em>σι’-κ</em></span> <span class='ocrx_word' id='word_1_159' title='bbox 787 1204 870 1250; x_wconf 56' lang='grc' dir='ltr'><em>ἀπ)</em></span> <span class='ocrx_word' id='word_1_160' title='bbox 898 1205 1070 1257; x_wconf 73' lang='grc' dir='ltr'><em>εὐνοίας</em></span> <span class='ocrx_word' id='word_1_161' title='bbox 1099 1204 1211 1249; x_wconf 77' lang='grc' dir='ltr'><em>ἀλλὰ</em></span> <span class='ocrx_word' id='word_1_162' title='bbox 1242 1207 1352 1250; x_wconf 80' lang='grc' dir='ltr'><em>κατὰ</em></span> <span class='ocrx_word' id='word_1_163' title='bbox 1386 1209 1555 1251; x_wconf 85' lang='grc' dir='ltr'><em>δειλίαν</em></span> <span class='ocrx_word' id='word_1_164' title='bbox 1585 1212 1794 1264; x_wconf 70' lang='grc' dir='ltr'><em>γίνεσθαι</em></span> 
     </span>
     <span class='ocr_line' id='line_1_23' title="bbox 127 1273 1794 1334; baseline -0.001 -14"><span class='ocrx_word' id='word_1_165' title='bbox 127 1278 207 1329; x_wconf 79' lang='grc' dir='ltr'><em>τὰς</em></span> <span class='ocrx_word' id='word_1_166' title='bbox 238 1277 536 1334; x_wconf 79' lang='grc' dir='ltr'><em>παρακλήσεις</em></span> <span class='ocrx_word' id='word_1_167' title='bbox 567 1277 792 1326; x_wconf 79' lang='grc' dir='ltr'><em>δοκοῦντες</em></span> <span class='ocrx_word' id='word_1_168' title='bbox 822 1274 1149 1332; x_wconf 76' lang='grc' dir='ltr'><em>ὑπερηφάνουν.</em></span> <span class='ocrx_word' id='word_1_169' title='bbox 1205 1279 1336 1326; x_wconf 88' lang='grc' dir='ltr'><em>Τίτος</em></span> <span class='ocrx_word' id='word_1_170' title='bbox 1359 1276 1405 1318; x_wconf 76' lang='grc' dir='ltr'><em>δε</em></span> <span class='ocrx_word' id='word_1_171' title='bbox 1428 1273 1486 1326; x_wconf 72' lang='grc' dir='ltr'><em>ὥς</em></span> <span class='ocrx_word' id='word_1_172' title='bbox 1518 1273 1618 1318; x_wconf 76' lang='grc' dir='ltr'><em>οὕτε</em></span> <span class='ocrx_word' id='word_1_173' title='bbox 1649 1273 1794 1318; x_wconf 77' lang='grc' dir='ltr'><em>οἶκτον</em></span> 
     </span>
     <span class='ocr_line' id='line_1_24' title="bbox 128 1341 1795 1400; baseline -0.001 -12"><span class='ocrx_word' id='word_1_174' title='bbox 128 1345 293 1389; x_wconf 75' lang='grc' dir='ltr'><em>ἑαυτῶν</em></span> <span class='ocrx_word' id='word_1_175' title='bbox 323 1345 426 1394; x_wconf 74' lang='grc' dir='ltr'><em>τοὺς</em></span> <span class='ocrx_word' id='word_1_176' title='bbox 457 1342 620 1398; x_wconf 73' lang='grc' dir='ltr'><em>ἄνδρας</em></span> <span class='ocrx_word' id='word_1_177' title='bbox 642 1341 742 1386; x_wconf 72' lang='grc' dir='ltr'><em>οὔτε</em></span> <span class='ocrx_word' id='word_1_178' title='bbox 765 1343 904 1400; x_wconf 84' lang='grc' dir='ltr'><em>φειδιὺ</em></span> <span class='ocrx_word' id='word_1_179' title='bbox 931 1345 1009 1386; x_wconf 83' lang='grc' dir='ltr'><em>τοῦ</em></span> <span class='ocrx_word' id='word_1_180' title='bbox 1032 1345 1139 1385; x_wconf 81' lang='grc' dir='ltr'><em>ναοῦ</em></span> <span class='ocrx_word' id='word_1_181' title='bbox 1170 1347 1463 1398; x_wconf 76' lang='grc' dir='ltr'><em>ποιουμένους</em></span> <span class='ocrx_word' id='word_1_182' title='bbox 1495 1342 1624 1398; x_wconf 78' lang='grc' dir='ltr'><em>ἑώρα,</em></span> <span class='ocrx_word' id='word_1_183' title='bbox 1657 1342 1795 1386; x_wconf 88' lang='grc' dir='ltr'><em>πάλιν</em></span> 
     </span>
     <span class='ocr_line' id='line_1_25' title="bbox 129 1403 1794 1468; baseline -0.001 -13"><span class='ocrx_word' id='word_1_184' title='bbox 129 1413 241 1465; x_wconf 81' lang='grc' dir='ltr'><em>πρὸς</em></span> <span class='ocrx_word' id='word_1_185' title='bbox 272 1413 468 1467; x_wconf 84' lang='grc' dir='ltr'><em>πόλεμον</em></span> <span class='ocrx_word' id='word_1_186' title='bbox 509 1410 625 1455; x_wconf 70' lang='grc' dir='ltr'><em>ἄκων</em></span> <span class='ocrx_word' id='word_1_187' title='bbox 662 1411 825 1466; x_wconf 74' lang='grc' dir='ltr'><em>ἐχώρει.</em></span> <span class='ocrx_word' id='word_1_188' title='bbox 888 1414 1039 1454; x_wconf 81' lang='grc' dir='ltr'><em>πᾶσαν</em></span> <span class='ocrx_word' id='word_1_189' title='bbox 1070 1412 1148 1466; x_wconf 78' lang='grc' dir='ltr'><em>μὲν</em></span> <span class='ocrx_word' id='word_1_190' title='bbox 1182 1403 1256 1455; x_wconf 72' lang='grc' dir='ltr'><em>οὖν</em></span> <span class='ocrx_word' id='word_1_191' title='bbox 1287 1411 1365 1468; x_wconf 68' lang='grc' dir='ltr'><em>την</em></span> <span class='ocrx_word' id='word_1_192' title='bbox 1397 1411 1581 1465; x_wconf 68' lang='grc' dir='ltr'><em>δύναμιν</em></span> <span class='ocrx_word' id='word_1_193' title='bbox 1613 1410 1794 1466; x_wconf 72' lang='grc' dir='ltr'><em>ἐπάγειν</em></span> 
     </span>
     <span class='ocr_line' id='line_1_26' title="bbox 130 1470 1796 1537; baseline -0.002 -14"><span class='ocrx_word' id='word_1_194' title='bbox 130 1477 280 1531; x_wconf 69' lang='grc' dir='ltr'><em>αὐτοῖς</em></span> <span class='ocrx_word' id='word_1_195' title='bbox 313 1477 387 1534; x_wconf 64' lang='grc' dir='ltr'><em>οὐχ</em></span> <span class='ocrx_word' id='word_1_196' title='bbox 421 1479 514 1522; x_wconf 82' lang='grc' dir='ltr'><em>οἷόν</em></span> <span class='ocrx_word' id='word_1_197' title='bbox 545 1496 592 1522; x_wconf 90' lang='grc' dir='ltr'><em>τε</em></span> <span class='ocrx_word' id='word_1_198' title='bbox 622 1470 674 1537; x_wconf 71' lang='grc' dir='ltr'><em>ἦν</em></span> <span class='ocrx_word' id='word_1_199' title='bbox 705 1479 763 1536; x_wconf 78' lang='grc' dir='ltr'><em>μὴ</em></span> <span class='ocrx_word' id='word_1_200' title='bbox 793 1483 1075 1535; x_wconf 79' lang='grc' dir='ltr'><em>χωρουμένην</em></span> <span class='ocrx_word' id='word_1_201' title='bbox 1105 1481 1167 1535; x_wconf 73' lang='grc' dir='ltr'><em>τῳ</em></span> <span class='ocrx_word' id='word_1_202' title='bbox 1191 1479 1333 1535; x_wconf 87' lang='grc' dir='ltr'><em>τόπῳ,</em></span> <span class='ocrx_word' id='word_1_203' title='bbox 1365 1479 1603 1533; x_wconf 88' lang='grc' dir='ltr'><em>τριάκοντα</em></span> <span class='ocrx_word' id='word_1_204' title='bbox 1626 1474 1667 1520; x_wconf 59' lang='grc' dir='ltr'><em>δ)</em></span> <span class='ocrx_word' id='word_1_205' title='bbox 1696 1478 1796 1521; x_wconf 80' lang='grc' dir='ltr'><em>ε’πι-</em></span> 
     </span>
     <span class='ocr_line' id='line_1_27' title="bbox 130 1542 1798 1605; baseline 0 -16"><span class='ocrx_word' id='word_1_206' title='bbox 130 1548 256 1598; x_wconf 77' lang='grc' dir='ltr'><em>λέξας</em></span> <span class='ocrx_word' id='word_1_207' title='bbox 278 1545 359 1604; x_wconf 69' lang='grc' dir='ltr'><em>ἀφ’</em></span> <span class='ocrx_word' id='word_1_208' title='bbox 387 1548 572 1605; x_wconf 77' lang='grc' dir='ltr'><em>ἑκάστης</em></span> <span class='ocrx_word' id='word_1_209' title='bbox 603 1547 940 1602; x_wconf 77' lang='grc' dir='ltr'><em>ἑκατονταρχίας</em></span> <span class='ocrx_word' id='word_1_210' title='bbox 971 1548 1074 1597; x_wconf 75' lang='grc' dir='ltr'><em>τους</em></span> <span class='ocrx_word' id='word_1_211' title='bbox 1106 1543 1315 1601; x_wconf 70' lang='grc' dir='ltr'><em>ἀρίστους</em></span> <span class='ocrx_word' id='word_1_212' title='bbox 1337 1549 1409 1589; x_wconf 81' lang='grc' dir='ltr'><em>καὶ</em></span> <span class='ocrx_word' id='word_1_213' title='bbox 1431 1555 1525 1596; x_wconf 89' lang='grc' dir='ltr'><em>τοῖς</em></span> <span class='ocrx_word' id='word_1_214' title='bbox 1553 1542 1798 1601; x_wconf 83' lang='grc' dir='ltr'><em>χιλιάρχοις</em></span> 
     </span>
     <span class='ocr_line' id='line_1_28' title="bbox 129 1611 1796 1672; baseline -0.001 -15"><span class='ocrx_word' id='word_1_215' title='bbox 129 1612 212 1659; x_wconf 70' lang='grc' dir='ltr'><em>ἀνὰ</em></span> <span class='ocrx_word' id='word_1_216' title='bbox 250 1617 419 1668; x_wconf 83' lang='grc' dir='ltr'><em>χιλίους</em></span> <span class='ocrx_word' id='word_1_217' title='bbox 459 1615 709 1670; x_wconf 73' lang='grc' dir='ltr'><em>παραδούς,</em></span> <span class='ocrx_word' id='word_1_218' title='bbox 757 1615 923 1657; x_wconf 78' lang='grc' dir='ltr'><em>τούτων</em></span> <span class='ocrx_word' id='word_1_219' title='bbox 965 1611 1005 1657; x_wconf 61' lang='grc' dir='ltr'><em>δ)</em></span> <span class='ocrx_word' id='word_1_220' title='bbox 1051 1613 1265 1664; x_wconf 74' lang='grc' dir='ltr'><em>ἐπιτάξας</em></span> <span class='ocrx_word' id='word_1_221' title='bbox 1309 1612 1501 1672; x_wconf 82' lang='grc' dir='ltr'><em>ἡγεμόνα</em></span> <span class='ocrx_word' id='word_1_222' title='bbox 1541 1613 1796 1669; x_wconf 85' lang='grc' dir='ltr'><em>Κερεάλιον,</em></span> 
     </span>
     <span class='ocr_line' id='line_1_29' title="bbox 129 1677 1797 1740; baseline -0.002 -14"><span class='ocrx_word' id='word_1_223' title='bbox 129 1684 384 1727; x_wconf 71' lang='grc' dir='ltr'><em>ἐπιθέσθαι</em></span> <span class='ocrx_word' id='word_1_224' title='bbox 416 1685 662 1739; x_wconf 81' lang='grc' dir='ltr'><em>προσέταξε</em></span> <span class='ocrx_word' id='word_1_225' title='bbox 691 1692 790 1733; x_wconf 87' lang='grc' dir='ltr'><em>ταῖς</em></span> <span class='ocrx_word' id='word_1_226' title='bbox 821 1685 1039 1740; x_wconf 82' lang='grc' dir='ltr'><em>φυλακαῖς</em></span> <span class='ocrx_word' id='word_1_227' title='bbox 1062 1683 1166 1738; x_wconf 86' lang='grc' dir='ltr'><em>περὶ</em></span> <span class='ocrx_word' id='word_1_228' title='bbox 1197 1677 1317 1738; x_wconf 70' lang='grc' dir='ltr'><em>ὥραν</em></span> <span class='ocrx_word' id='word_1_229' title='bbox 1347 1684 1424 1739; x_wconf 77' lang='grc' dir='ltr'><em>τῆς</em></span> <span class='ocrx_word' id='word_1_230' title='bbox 1456 1681 1606 1731; x_wconf 79' lang='grc' dir='ltr'><em>νυκτὸς</em></span> <span class='ocrx_word' id='word_1_231' title='bbox 1630 1681 1797 1738; x_wconf 79' lang='grc' dir='ltr'><em>ἐνάτην.</em></span> 
     </span>
     <span class='ocr_line' id='line_1_30' title="bbox 128 1746 1797 1806; baseline -0.002 -12"><span class='ocrx_word' id='word_1_232' title='bbox 128 1749 235 1795; x_wconf 74' lang='grc' dir='ltr'><em>ὄντα</em></span> <span class='ocrx_word' id='word_1_233' title='bbox 267 1752 313 1794; x_wconf 78' lang='grc' dir='ltr'><em>δὲ</em></span> <span class='ocrx_word' id='word_1_234' title='bbox 351 1753 423 1794; x_wconf 84' lang='grc' dir='ltr'><em>καὶ</em></span> <span class='ocrx_word' id='word_1_235' title='bbox 465 1747 596 1794; x_wconf 72' lang='grc' dir='ltr'><em>αὐτὸν</em></span> <span class='ocrx_word' id='word_1_236' title='bbox 628 1750 672 1793; x_wconf 81' lang='grc' dir='ltr'><em>έν</em></span> <span class='ocrx_word' id='word_1_237' title='bbox 704 1760 798 1801; x_wconf 86' lang='grc' dir='ltr'><em>τοῖς</em></span> <span class='ocrx_word' id='word_1_238' title='bbox 838 1746 997 1801; x_wconf 71' lang='grc' dir='ltr'><em>ὅπλοις</em></span> <span class='ocrx_word' id='word_1_239' title='bbox 1035 1752 1107 1793; x_wconf 80' lang='grc' dir='ltr'><em>καὶ</em></span> <span class='ocrx_word' id='word_1_240' title='bbox 1151 1754 1513 1806; x_wconf 74' lang='grc' dir='ltr'><em>συγκαταβαίνειν</em></span> <span class='ocrx_word' id='word_1_241' title='bbox 1553 1765 1797 1805; x_wconf 90' lang='grc' dir='ltr'><em>παρεσκευ-</em></span> 
     </span>
     <span class='ocr_line' id='line_1_31' title="bbox 130 1815 1798 1876; baseline -0.002 -15"><span class='ocrx_word' id='word_1_242' title='bbox 130 1822 316 1874; x_wconf 89' lang='grc' dir='ltr'><em>ασμένον</em></span> <span class='ocrx_word' id='word_1_243' title='bbox 349 1819 395 1862; x_wconf 78' lang='grc' dir='ltr'><em>οἵ</em></span> <span class='ocrx_word' id='word_1_244' title='bbox 423 1835 470 1861; x_wconf 91' lang='grc' dir='ltr'><em>τε</em></span> <span class='ocrx_word' id='word_1_245' title='bbox 502 1821 626 1876; x_wconf 89' lang='grc' dir='ltr'><em>φίλοι</em></span> <span class='ocrx_word' id='word_1_246' title='bbox 660 1818 733 1861; x_wconf 84' lang='grc' dir='ltr'><em>διὰ</em></span> <span class='ocrx_word' id='word_1_247' title='bbox 764 1818 813 1861; x_wconf 79' lang='grc' dir='ltr'><em>τὸ</em></span> <span class='ocrx_word' id='word_1_248' title='bbox 846 1822 1039 1874; x_wconf 71' lang='grc' dir='ltr'><em>μέγεθος</em></span> <span class='ocrx_word' id='word_1_249' title='bbox 1069 1821 1147 1861; x_wconf 76' lang='grc' dir='ltr'><em>τοῦ</em></span> <span class='ocrx_word' id='word_1_250' title='bbox 1178 1818 1378 1861; x_wconf 74' lang='grc' dir='ltr'><em>κινδύνου</em></span> <span class='ocrx_word' id='word_1_251' title='bbox 1409 1821 1618 1871; x_wconf 81' lang='grc' dir='ltr'><em>κατέσχον</em></span> <span class='ocrx_word' id='word_1_252' title='bbox 1649 1815 1798 1860; x_wconf 76' lang='grc' dir='ltr'><em>καὶτὰ</em></span> 
     </span>
     <span class='ocr_line' id='line_1_32' title="bbox 128 1882 1796 1943; baseline -0.001 -15"><span class='ocrx_word' id='word_1_253' title='bbox 128 1885 251 1940; x_wconf 80' lang='grc' dir='ltr'><em>παρὰ</em></span> <span class='ocrx_word' id='word_1_254' title='bbox 282 1889 368 1929; x_wconf 79' lang='grc' dir='ltr'><em>τῶν</em></span> <span class='ocrx_word' id='word_1_255' title='bbox 398 1884 625 1942; x_wconf 78' lang='grc' dir='ltr'><em>ἡγεμόνιον</em></span> <span class='ocrx_word' id='word_1_256' title='bbox 657 1886 889 1942; x_wconf 87' lang='grc' dir='ltr'><em>λεγόμενα·</em></span> <span class='ocrx_word' id='word_1_257' title='bbox 929 1888 1086 1930; x_wconf 84' lang='grc' dir='ltr'><em>πλεῖον</em></span> <span class='ocrx_word' id='word_1_258' title='bbox 1116 1886 1197 1943; x_wconf 81' lang='grc' dir='ltr'><em>γὰρ</em></span> <span class='ocrx_word' id='word_1_259' title='bbox 1240 1882 1373 1928; x_wconf 70' lang='grc' dir='ltr'><em>αὐτὸν</em></span> <span class='ocrx_word' id='word_1_260' title='bbox 1415 1882 1592 1928; x_wconf 83' lang='grc' dir='ltr'><em>άνόσειν</em></span> <span class='ocrx_word' id='word_1_261' title='bbox 1624 1884 1796 1942; x_wconf 69' lang='grc' dir='ltr'><em>ἔφασαν</em></span> 
     </span>
     <span class='ocr_line' id='line_1_33' title="bbox 131 1949 1800 2012; baseline -0.001 -16"><span class='ocrx_word' id='word_1_262' title='bbox 131 1953 205 1997; x_wconf 73' lang='grc' dir='ltr'><em>ἐπὶ</em></span> <span class='ocrx_word' id='word_1_263' title='bbox 235 1956 312 2012; x_wconf 79' lang='grc' dir='ltr'><em>τῆς</em></span> <span class='ocrx_word' id='word_1_264' title='bbox 337 1949 583 2003; x_wconf 78' lang='grc' dir='ltr'><em>Ἀντωνίας</em></span> <span class='ocrx_word' id='word_1_265' title='bbox 613 1953 910 2007; x_wconf 68' lang='grc' dir='ltr'><em>καθεζόμενον</em></span> <span class='ocrx_word' id='word_1_266' title='bbox 942 1956 1015 1996; x_wconf 86' lang='grc' dir='ltr'><em>καὶ</em></span> <span class='ocrx_word' id='word_1_267' title='bbox 1037 1953 1115 2012; x_wconf 79' lang='grc' dir='ltr'><em>τὴν</em></span> <span class='ocrx_word' id='word_1_268' title='bbox 1136 1953 1278 2011; x_wconf 81' lang='grc' dir='ltr'><em>μάχην</em></span> <span class='ocrx_word' id='word_1_269' title='bbox 1310 1950 1676 2009; x_wconf 73' lang='grc' dir='ltr'><em>ἀγωνοθετοῦντα</em></span> <span class='ocrx_word' id='word_1_270' title='bbox 1706 1960 1800 2001; x_wconf 87' lang='grc' dir='ltr'><em>τοῖς</em></span> 
     </span>
    </p>
   </div>
   <div class='ocr_carea' id='block_1_9' title="bbox 171 2026 1792 2044">
    <p class='ocr_par' dir='ltr' id='par_1_10' title="bbox 171 2026 1792 2044">
     <span class='ocr_line' id='line_1_34' title="bbox 171 2026 1792 2044; baseline 0 0"><span class='ocrx_word' id='word_1_271' title='bbox 171 2026 1792 2044; x_wconf 95' lang='lat' dir='ltr'><em> </em></span> 
     </span>
    </p>
   </div>
   <div class='ocr_carea' id='block_1_10' title="bbox 129 2065 1804 2900">
    <p class='ocr_par' dir='ltr' id='par_1_11' title="bbox 242 2065 1559 2111">
     <span class='ocr_line' id='line_1_35' title="bbox 242 2065 1559 2111; baseline 0 -12"><span class='ocrx_word' id='word_1_272' title='bbox 242 2065 631 2110; x_wconf 82' lang='lat' dir='ltr'>PAMLVRCLatSyr</span> <span class='ocrx_word' id='word_1_273' title='bbox 642 2066 866 2111; x_wconf 83' lang='lat' dir='ltr'>Hegesippus</span> <span class='ocrx_word' id='word_1_274' title='bbox 892 2066 923 2101; x_wconf 91' lang='lat' dir='ltr'><strong>V</strong></span> <span class='ocrx_word' id='word_1_275' title='bbox 949 2069 994 2101; x_wconf 83' lang='lat'><em>34</em></span> <span class='ocrx_word' id='word_1_276' title='bbox 1019 2078 1053 2110; x_wconf 91' lang='lat' dir='ltr'><em>p.</em></span> <span class='ocrx_word' id='word_1_277' title='bbox 1079 2069 1156 2102; x_wconf 80' lang='lat'>348.</span> <span class='ocrx_word' id='word_1_278' title='bbox 1193 2066 1352 2100; x_wconf 82' lang='lat' dir='ltr'>Zonaras</span> <span class='ocrx_word' id='word_1_279' title='bbox 1378 2066 1395 2100; x_wconf 95' lang='grc' dir='ltr'>Ι</span> <span class='ocrx_word' id='word_1_280' title='bbox 1419 2077 1453 2109; x_wconf 91' lang='lat' dir='ltr'><em>p.</em></span> <span class='ocrx_word' id='word_1_281' title='bbox 1481 2067 1559 2099; x_wconf 84' lang='lat'><strong>537.</strong></span> 
     </span>
    </p>

    <p class='ocr_par' dir='ltr' id='par_1_12' title="bbox 129 2116 1802 2504">
     <span class='ocr_line' id='line_1_36' title="bbox 246 2116 1800 2169; baseline -0.001 -13"><span class='ocrx_word' id='word_1_282' title='bbox 246 2126 259 2156; x_wconf 87' lang='lat'>1</span> <span class='ocrx_word' id='word_1_283' title='bbox 289 2116 519 2168; x_wconf 74' lang='grc' dir='ltr'><em>δρύφακτον]</em></span> <span class='ocrx_word' id='word_1_284' title='bbox 537 2119 753 2169; x_wconf 81' lang='grc' dir='ltr'><em>δρυφακτὸν</em></span> <span class='ocrx_word' id='word_1_285' title='bbox 770 2122 835 2158; x_wconf 90' lang='lat' dir='ltr'><em>LR</em></span> <span class='ocrx_word' id='word_1_286' title='bbox 859 2122 983 2157; x_wconf 79' lang='lat' dir='ltr'><em>turbas</em></span> <span class='ocrx_word' id='word_1_287' title='bbox 1001 2123 1067 2167; x_wconf 83' lang='lat' dir='ltr'><em>Syr</em></span> <span class='ocrx_word' id='word_1_288' title='bbox 1091 2124 1168 2157; x_wconf 80' lang='lat' dir='ltr'>tota</span> <span class='ocrx_word' id='word_1_289' title='bbox 1193 2122 1370 2156; x_wconf 83' lang='lat' dir='ltr'>sententia</span> <span class='ocrx_word' id='word_1_290' title='bbox 1386 2122 1573 2156; x_wconf 80' lang='lat' dir='ltr'>immutata</span> <span class='ocrx_word' id='word_1_291' title='bbox 1644 2122 1662 2153; x_wconf 85' lang='lat'>2</span> <span class='ocrx_word' id='word_1_292' title='bbox 1689 2132 1800 2164; x_wconf 84' lang='grc' dir='ltr'><em>προε-</em></span> 
     </span>
     <span class='ocr_line' id='line_1_37' title="bbox 129 2173 1800 2225; baseline -0.003 -10"><span class='ocrx_word' id='word_1_293' title='bbox 129 2176 339 2225; x_wconf 73' lang='grc' dir='ltr'><em>βάλλεσθαι</em></span> <span class='ocrx_word' id='word_1_294' title='bbox 365 2179 395 2212; x_wconf 92' lang='lat' dir='ltr'>L</span> <span class='ocrx_word' id='word_1_295' title='bbox 421 2176 711 2225; x_wconf 71' lang='grc' dir='ltr'><em>προυβάλλεσθε</em></span> <span class='ocrx_word' id='word_1_296' title='bbox 738 2178 764 2213; x_wconf 89' lang='lat' dir='ltr'>C</span> <span class='ocrx_word' id='word_1_297' title='bbox 857 2175 1005 2224; x_wconf 85' lang='grc' dir='ltr'><em>στήλας]</em></span> <span class='ocrx_word' id='word_1_298' title='bbox 1031 2189 1215 2213; x_wconf 81' lang='lat' dir='ltr'><em>armorum</em></span> <span class='ocrx_word' id='word_1_299' title='bbox 1241 2178 1465 2213; x_wconf 71' lang='lat' dir='ltr'><em>altitudinem</em></span> <span class='ocrx_word' id='word_1_300' title='bbox 1491 2177 1557 2222; x_wconf 85' lang='lat' dir='ltr'><em>Syr</em></span> <span class='ocrx_word' id='word_1_301' title='bbox 1640 2178 1659 2210; x_wconf 90' lang='lat'><strong>3</strong></span> <span class='ocrx_word' id='word_1_302' title='bbox 1684 2173 1800 2222; x_wconf 83' lang='grc' dir='ltr'><em>γράμ-</em></span> 
     </span>
     <span class='ocr_line' id='line_1_38' title="bbox 129 2230 1702 2282; baseline -0.002 -12"><span class='ocrx_word' id='word_1_303' title='bbox 129 2238 256 2278; x_wconf 85' lang='grc' dir='ltr'><em>μασιν]</em></span> <span class='ocrx_word' id='word_1_304' title='bbox 281 2233 322 2270; x_wconf 84' lang='grc' dir='ltr'><em>ἐν</em></span> <span class='ocrx_word' id='word_1_305' title='bbox 345 2232 564 2282; x_wconf 81' lang='grc' dir='ltr'><em>γράμμασιν</em></span> <span class='ocrx_word' id='word_1_306' title='bbox 588 2235 618 2268; x_wconf 91' lang='lat' dir='ltr'>L</span> <span class='ocrx_word' id='word_1_307' title='bbox 711 2230 924 2281; x_wconf 69' lang='grc' dir='ltr'><em>ἡμετέροιο,</em></span> <span class='ocrx_word' id='word_1_308' title='bbox 950 2247 984 2270; x_wconf 90' lang='grc' dir='ltr'><em>οι</em></span> <span class='ocrx_word' id='word_1_309' title='bbox 1011 2244 1055 2269; x_wconf 86' lang='lat' dir='ltr'><em>ex</em></span> <span class='ocrx_word' id='word_1_310' title='bbox 1080 2245 1171 2270; x_wconf 82' lang='lat' dir='ltr'>corr.</span> <span class='ocrx_word' id='word_1_311' title='bbox 1198 2235 1236 2268; x_wconf 91' lang='lat' dir='ltr'><strong>M</strong></span> <span class='ocrx_word' id='word_1_312' title='bbox 1259 2232 1459 2280; x_wconf 73' lang='grc' dir='ltr'><em>ὓμετέροισ</em></span> <span class='ocrx_word' id='word_1_313' title='bbox 1483 2244 1527 2268; x_wconf 83' lang='lat' dir='ltr'><em>ex</em></span> <span class='ocrx_word' id='word_1_314' title='bbox 1552 2241 1643 2267; x_wconf 84' lang='lat' dir='ltr'><strong>corr.</strong></span> <span class='ocrx_word' id='word_1_315' title='bbox 1668 2231 1702 2266; x_wconf 89' lang='lat' dir='ltr'><strong>V</strong></span> 
     </span>
     <span class='ocr_line' id='line_1_39' title="bbox 130 2288 1802 2337; baseline -0.004 -10"><span class='ocrx_word' id='word_1_316' title='bbox 130 2291 267 2337; x_wconf 80' lang='grc' dir='ltr'><em>μηδένα</em></span> <span class='ocrx_word' id='word_1_317' title='bbox 286 2311 329 2314; x_wconf 90' lang='grc'>-</span> <span class='ocrx_word' id='word_1_318' title='bbox 354 2294 375 2325; x_wconf 88' lang='grc'>4</span> <span class='ocrx_word' id='word_1_319' title='bbox 400 2291 686 2337; x_wconf 77' lang='grc' dir='ltr'><em>παραγγέλλειν]</em></span> <span class='ocrx_word' id='word_1_320' title='bbox 720 2290 849 2336; x_wconf 75' lang='lat' dir='ltr'><em>quihus</em></span> <span class='ocrx_word' id='word_1_321' title='bbox 882 2302 926 2324; x_wconf 72' lang='lat' dir='ltr'><em>ne</em></span> <span class='ocrx_word' id='word_1_322' title='bbox 949 2296 1054 2336; x_wconf 80' lang='lat' dir='ltr'><em>septa</em></span> <span class='ocrx_word' id='word_1_323' title='bbox 1079 2291 1247 2336; x_wconf 76' lang='lat' dir='ltr'><em>cuiquam</em></span> <span class='ocrx_word' id='word_1_324' title='bbox 1273 2289 1480 2335; x_wconf 57' lang='lat' dir='ltr'><em>transgredi</em></span> <span class='ocrx_word' id='word_1_325' title='bbox 1502 2288 1626 2323; x_wconf 78' lang='lat' dir='ltr'><em>liceret</em></span> <span class='ocrx_word' id='word_1_326' title='bbox 1648 2288 1802 2323; x_wconf 71' lang='lat' dir='ltr'><em>edicitur</em></span> 
     </span>
     <span class='ocr_line' id='line_1_40' title="bbox 131 2342 1709 2394; baseline -0.002 -13"><span class='ocrx_word' id='word_1_327' title='bbox 131 2347 202 2381; x_wconf 86' lang='lat' dir='ltr'><em>Lat</em></span> <span class='ocrx_word' id='word_1_328' title='bbox 291 2347 443 2392; x_wconf 80' lang='grc' dir='ltr'><em>μηδένα]</em></span> <span class='ocrx_word' id='word_1_329' title='bbox 462 2343 485 2383; x_wconf 71' lang='grc' dir='ltr'>ἆ</span> <span class='ocrx_word' id='word_1_330' title='bbox 502 2347 640 2394; x_wconf 80' lang='grc' dir='ltr'><em>μηδένα</em></span> <span class='ocrx_word' id='word_1_331' title='bbox 658 2347 696 2381; x_wconf 87' lang='grc' dir='ltr'>Μ</span> <span class='ocrx_word' id='word_1_332' title='bbox 713 2350 749 2381; x_wconf 85' lang='lat' dir='ltr'><em>et</em></span> <span class='ocrx_word' id='word_1_333' title='bbox 766 2357 810 2381; x_wconf 84' lang='lat' dir='ltr'><em>ex</em></span> <span class='ocrx_word' id='word_1_334' title='bbox 825 2357 914 2381; x_wconf 88' lang='lat' dir='ltr'>corr.</span> <span class='ocrx_word' id='word_1_335' title='bbox 932 2347 965 2381; x_wconf 91' lang='lat' dir='ltr'><strong>V</strong></span> <span class='ocrx_word' id='word_1_336' title='bbox 983 2349 1141 2393; x_wconf 81' lang='grc' dir='ltr'><em>πρῶτον</em></span> <span class='ocrx_word' id='word_1_337' title='bbox 1157 2346 1295 2393; x_wconf 81' lang='grc' dir='ltr'><em>μηδένα</em></span> <span class='ocrx_word' id='word_1_338' title='bbox 1314 2347 1344 2381; x_wconf 89' lang='lat' dir='ltr'>L</span> <span class='ocrx_word' id='word_1_339' title='bbox 1369 2342 1419 2383; x_wconf 73' lang='grc' dir='ltr'><em>ἅσ</em></span> <span class='ocrx_word' id='word_1_340' title='bbox 1443 2345 1582 2392; x_wconf 84' lang='grc' dir='ltr'><em>μηδένα</em></span> <span class='ocrx_word' id='word_1_341' title='bbox 1598 2344 1709 2380; x_wconf 86' lang='lat' dir='ltr'><strong>V¹RC</strong></span> 
     </span>
     <span class='ocr_line' id='line_1_41' title="bbox 132 2399 1801 2450; baseline -0.002 -12"><span class='ocrx_word' id='word_1_342' title='bbox 132 2406 152 2437; x_wconf 81' lang='lat'>4</span> <span class='ocrx_word' id='word_1_343' title='bbox 176 2404 342 2449; x_wconf 84' lang='grc' dir='ltr'><em>γείσειον</em></span> <span class='ocrx_word' id='word_1_344' title='bbox 358 2404 388 2438; x_wconf 95' lang='lat' dir='ltr'>L</span> <span class='ocrx_word' id='word_1_345' title='bbox 413 2406 559 2450; x_wconf 89' lang='grc' dir='ltr'><em>γεισίον</em></span> <span class='ocrx_word' id='word_1_346' title='bbox 574 2404 640 2439; x_wconf 81' lang='lat' dir='ltr'><em>VR</em></span> <span class='ocrx_word' id='word_1_347' title='bbox 711 2403 962 2450; x_wconf 82' lang='grc' dir='ltr'><em>παραγγέλλει</em></span> <span class='ocrx_word' id='word_1_348' title='bbox 980 2403 1115 2438; x_wconf 74' lang='lat' dir='ltr'><strong>MVRO</strong></span> <span class='ocrx_word' id='word_1_349' title='bbox 1134 2399 1317 2449; x_wconf 77' lang='grc' dir='ltr'><em>οἷλλογενῆ</em></span> <span class='ocrx_word' id='word_1_350' title='bbox 1335 2402 1609 2449; x_wconf 79' lang='grc' dir='ltr'><em>παραγγέλλειν</em></span> <span class='ocrx_word' id='word_1_351' title='bbox 1625 2401 1801 2436; x_wconf 83' lang='lat' dir='ltr'>Destinon</span> 
     </span>
     <span class='ocr_line' id='line_1_42' title="bbox 133 2455 1711 2504; baseline -0.001 -11"><span class='ocrx_word' id='word_1_352' title='bbox 133 2469 177 2493; x_wconf 84' lang='lat' dir='ltr'><em>ex</em></span> <span class='ocrx_word' id='word_1_353' title='bbox 199 2459 232 2493; x_wconf 94' lang='lat' dir='ltr'><strong>V</strong></span> <span class='ocrx_word' id='word_1_354' title='bbox 260 2462 323 2494; x_wconf 81' lang='lat'><em>194</em></span> <span class='ocrx_word' id='word_1_355' title='bbox 430 2456 538 2504; x_wconf 66' lang='grc' dir='ltr'><em>ὑμεῖσ</em></span> <span class='ocrx_word' id='word_1_356' title='bbox 562 2460 622 2495; x_wconf 90' lang='lat' dir='ltr'><em>LC</em></span> <span class='ocrx_word' id='word_1_357' title='bbox 654 2456 780 2504; x_wconf 58' lang='grc' dir='ltr'><em>ἵμεῖσ,</em></span> <span class='ocrx_word' id='word_1_358' title='bbox 806 2470 896 2494; x_wconf 84' lang='lat' dir='ltr'>eras.</span> <span class='ocrx_word' id='word_1_359' title='bbox 921 2473 941 2495; x_wconf 86' lang='lat' dir='ltr'><em>v</em></span> <span class='ocrx_word' id='word_1_360' title='bbox 964 2459 996 2494; x_wconf 95' lang='lat' dir='ltr'><strong>V</strong></span> <span class='ocrx_word' id='word_1_361' title='bbox 1099 2463 1117 2493; x_wconf 89' lang='lat'>5</span> <span class='ocrx_word' id='word_1_362' title='bbox 1137 2455 1332 2504; x_wconf 83' lang='grc' dir='ltr'><em>Ῥωμαίων</em></span> <span class='ocrx_word' id='word_1_363' title='bbox 1357 2458 1511 2493; x_wconf 85' lang='lat' dir='ltr'>Dindorf</span> <span class='ocrx_word' id='word_1_364' title='bbox 1532 2469 1575 2493; x_wconf 81' lang='lat' dir='ltr'><em>ex</em></span> <span class='ocrx_word' id='word_1_365' title='bbox 1606 2458 1711 2493; x_wconf 86' lang='lat' dir='ltr'><strong>Voss.</strong></span> 
     </span>
    </p>

    <p class='ocr_par' dir='ltr' id='par_1_13' title="bbox 133 2508 1804 2900">
     <span class='ocr_line' id='line_1_43' title="bbox 133 2508 1712 2562; baseline -0.001 -12"><span class='ocrx_word' id='word_1_366' title='bbox 133 2508 167 2560; x_wconf 71' lang='grc' dir='ltr'><em>ᾖ]</em></span> <span class='ocrx_word' id='word_1_367' title='bbox 193 2512 228 2550; x_wconf 82' lang='grc' dir='ltr'><em>εἷ</em></span> <span class='ocrx_word' id='word_1_368' title='bbox 251 2515 312 2550; x_wconf 92' lang='lat' dir='ltr'><em>PL</em></span> <span class='ocrx_word' id='word_1_369' title='bbox 407 2519 472 2552; x_wconf 85' lang='grc' dir='ltr'><em>νῦν</em></span> <span class='ocrx_word' id='word_1_370' title='bbox 496 2527 564 2551; x_wconf 90' lang='lat' dir='ltr'><em>om.</em></span> <span class='ocrx_word' id='word_1_371' title='bbox 593 2517 625 2550; x_wconf 93' lang='lat' dir='ltr'>A</span> <span class='ocrx_word' id='word_1_372' title='bbox 720 2520 736 2550; x_wconf 80' lang='lat'>7</span> <span class='ocrx_word' id='word_1_373' title='bbox 763 2515 837 2562; x_wconf 77' lang='grc' dir='ltr'><em>ἐγώ</em></span> <span class='ocrx_word' id='word_1_374' title='bbox 864 2515 982 2552; x_wconf 58' lang='lat' dir='ltr'><strong><em>&amp;sobo</em></strong></span> <span class='ocrx_word' id='word_1_375' title='bbox 1006 2519 1050 2550; x_wconf 87' lang='lat' dir='ltr'><em>tr.</em></span> <span class='ocrx_word' id='word_1_376' title='bbox 1079 2515 1104 2549; x_wconf 87' lang='lat' dir='ltr'>C</span> <span class='ocrx_word' id='word_1_377' title='bbox 1203 2514 1251 2558; x_wconf 73' lang='grc' dir='ltr'><em>εἷ’]</em></span> <span class='ocrx_word' id='word_1_378' title='bbox 1275 2509 1298 2561; x_wconf 70' lang='grc' dir='ltr'><strong><em>ἦ</em></strong></span> <span class='ocrx_word' id='word_1_379' title='bbox 1321 2515 1351 2549; x_wconf 92' lang='lat' dir='ltr'>L</span> <span class='ocrx_word' id='word_1_380' title='bbox 1453 2517 1471 2548; x_wconf 87' lang='grc'>8</span> <span class='ocrx_word' id='word_1_381' title='bbox 1496 2515 1565 2559; x_wconf 80' lang='grc' dir='ltr'><em>μὲν</em></span> <span class='ocrx_word' id='word_1_382' title='bbox 1589 2524 1658 2550; x_wconf 83' lang='lat' dir='ltr'><em>om.</em></span> <span class='ocrx_word' id='word_1_383' title='bbox 1686 2513 1712 2548; x_wconf 89' lang='lat' dir='ltr'>C</span> 
     </span>
     <span class='ocr_line' id='line_1_44' title="bbox 135 2566 1736 2618; baseline -0.002 -11"><span class='ocrx_word' id='word_1_384' title='bbox 135 2569 238 2616; x_wconf 79' lang='grc' dir='ltr'><em>οἶμαι</em></span> <span class='ocrx_word' id='word_1_385' title='bbox 254 2571 322 2606; x_wconf 84' lang='grc' dir='ltr'><em>ΜΟ</em></span> <span class='ocrx_word' id='word_1_386' title='bbox 393 2575 412 2606; x_wconf 86' lang='grc'>9</span> <span class='ocrx_word' id='word_1_387' title='bbox 438 2569 506 2618; x_wconf 78' lang='grc' dir='ltr'><em>τὴν</em></span> <span class='ocrx_word' id='word_1_388' title='bbox 521 2582 589 2607; x_wconf 90' lang='lat' dir='ltr'><em>om.</em></span> <span class='ocrx_word' id='word_1_389' title='bbox 608 2572 809 2607; x_wconf 88' lang='lat' dir='ltr'><strong>PAMVRC</strong></span> <span class='ocrx_word' id='word_1_390' title='bbox 879 2571 976 2617; x_wconf 79' lang='grc' dir='ltr'><em>ἐμοὶ]</em></span> <span class='ocrx_word' id='word_1_391' title='bbox 994 2570 1087 2616; x_wconf 80' lang='grc' dir='ltr'><em>ἐμοῦ</em></span> <span class='ocrx_word' id='word_1_392' title='bbox 1103 2571 1134 2605; x_wconf 94' lang='lat' dir='ltr'>L</span> <span class='ocrx_word' id='word_1_393' title='bbox 1207 2576 1245 2607; x_wconf 88' lang='lat'><em>10</em></span> <span class='ocrx_word' id='word_1_394' title='bbox 1264 2575 1383 2609; x_wconf 87' lang='grc' dir='ltr'><em>ταῦτα</em></span> <span class='ocrx_word' id='word_1_395' title='bbox 1401 2571 1468 2607; x_wconf 89' lang='lat' dir='ltr'><em>VR</em></span> <span class='ocrx_word' id='word_1_396' title='bbox 1541 2574 1580 2605; x_wconf 83' lang='lat'><em>12</em></span> <span class='ocrx_word' id='word_1_397' title='bbox 1599 2566 1685 2607; x_wconf 78' lang='grc' dir='ltr'><em>οὔτ’</em></span> <span class='ocrx_word' id='word_1_398' title='bbox 1703 2571 1736 2603; x_wconf 94' lang='grc' dir='ltr'><strong>Α</strong></span> 
     </span>
     <span class='ocr_line' id='line_1_45' title="bbox 134 2622 1735 2674; baseline -0.001 -11"><span class='ocrx_word' id='word_1_399' title='bbox 134 2629 383 2674; x_wconf 78' lang='grc' dir='ltr'><em>προσυβρίσει</em></span> <span class='ocrx_word' id='word_1_400' title='bbox 397 2628 426 2662; x_wconf 94' lang='lat' dir='ltr'>L</span> <span class='ocrx_word' id='word_1_401' title='bbox 497 2631 573 2669; x_wconf 77' lang='grc' dir='ltr'><em>καὶ]</em></span> <span class='ocrx_word' id='word_1_402' title='bbox 589 2626 662 2664; x_wconf 78' lang='grc' dir='ltr'><em>κὰν</em></span> <span class='ocrx_word' id='word_1_403' title='bbox 674 2628 705 2662; x_wconf 93' lang='lat' dir='ltr'>L</span> <span class='ocrx_word' id='word_1_404' title='bbox 781 2631 820 2663; x_wconf 86' lang='lat'><em>13</em></span> <span class='ocrx_word' id='word_1_405' title='bbox 838 2628 1016 2665; x_wconf 79' lang='grc' dir='ltr'><em>θέλουσιν</em></span> <span class='ocrx_word' id='word_1_406' title='bbox 1032 2629 1082 2662; x_wconf 90' lang='lat' dir='ltr'><em>A¹</em></span> <span class='ocrx_word' id='word_1_407' title='bbox 1153 2632 1192 2662; x_wconf 84' lang='lat'><em>15</em></span> <span class='ocrx_word' id='word_1_408' title='bbox 1212 2624 1284 2665; x_wconf 71' lang='grc' dir='ltr'><em>ἀπ’</em></span> <span class='ocrx_word' id='word_1_409' title='bbox 1300 2624 1462 2669; x_wconf 70' lang='grc' dir='ltr'><em>εὐνοίας]</em></span> <span class='ocrx_word' id='word_1_410' title='bbox 1481 2622 1689 2664; x_wconf 81' lang='grc' dir='ltr'><em>α’τευνοίασ</em></span> <span class='ocrx_word' id='word_1_411' title='bbox 1705 2627 1735 2661; x_wconf 92' lang='lat' dir='ltr'>L</span> 
     </span>
     <span class='ocr_line' id='line_1_46' title="bbox 137 2681 1804 2731; baseline 0.001 -14"><span class='ocrx_word' id='word_1_412' title='bbox 137 2685 177 2717; x_wconf 89' lang='grc'><em>16</em></span> <span class='ocrx_word' id='word_1_413' title='bbox 202 2684 251 2725; x_wconf 76' lang='grc' dir='ltr'><em>δὲ]</em></span> <span class='ocrx_word' id='word_1_414' title='bbox 277 2697 318 2720; x_wconf 89' lang='grc' dir='ltr'><em>τε</em></span> <span class='ocrx_word' id='word_1_415' title='bbox 342 2685 372 2718; x_wconf 93' lang='lat' dir='ltr'>L</span> <span class='ocrx_word' id='word_1_416' title='bbox 492 2688 529 2718; x_wconf 82' lang='lat'><em>17</em></span> <span class='ocrx_word' id='word_1_417' title='bbox 556 2682 694 2721; x_wconf 76' lang='grc' dir='ltr'><em>ἑαυτὸν</em></span> <span class='ocrx_word' id='word_1_418' title='bbox 718 2685 745 2718; x_wconf 88' lang='grc' dir='ltr'>Ρ</span> <span class='ocrx_word' id='word_1_419' title='bbox 841 2681 968 2731; x_wconf 83' lang='grc' dir='ltr'><em>φειδὼ]</em></span> <span class='ocrx_word' id='word_1_420' title='bbox 995 2681 1108 2730; x_wconf 83' lang='grc' dir='ltr'><em>φειδώ</em></span> <span class='ocrx_word' id='word_1_421' title='bbox 1135 2698 1218 2720; x_wconf 89' lang='grc' dir='ltr'><em>τινα</em></span> <span class='ocrx_word' id='word_1_422' title='bbox 1244 2684 1371 2719; x_wconf 85' lang='lat' dir='ltr'><em>LVRO</em></span> <span class='ocrx_word' id='word_1_423' title='bbox 1463 2682 1581 2725; x_wconf 69' lang='grc' dir='ltr'><em>οἴκων]</em></span> <span class='ocrx_word' id='word_1_424' title='bbox 1611 2686 1674 2720; x_wconf 79' lang='grc' dir='ltr'><em>καὶ</em></span> <span class='ocrx_word' id='word_1_425' title='bbox 1699 2681 1804 2720; x_wconf 70' lang='grc' dir='ltr'><em>ἄκων</em></span> 
     </span>
     <span class='ocr_line' id='line_1_47' title="bbox 136 2737 1803 2787; baseline 0.001 -15"><span class='ocrx_word' id='word_1_426' title='bbox 136 2737 211 2772; x_wconf 89' lang='lat' dir='ltr'><em>Zon</em></span> <span class='ocrx_word' id='word_1_427' title='bbox 290 2743 330 2775; x_wconf 86' lang='lat'><em>18</em></span> <span class='ocrx_word' id='word_1_428' title='bbox 354 2740 378 2775; x_wconf 95' lang='lat' dir='ltr'><em>i.</em></span> <span class='ocrx_word' id='word_1_429' title='bbox 402 2750 513 2784; x_wconf 82' lang='lat' dir='ltr'><strong>marg.</strong></span> <span class='ocrx_word' id='word_1_430' title='bbox 539 2738 592 2776; x_wconf 87' lang='grc' dir='ltr'><em>ια’</em></span> <span class='ocrx_word' id='word_1_431' title='bbox 619 2741 645 2775; x_wconf 90' lang='lat' dir='ltr'>C</span> <span class='ocrx_word' id='word_1_432' title='bbox 745 2742 782 2774; x_wconf 87' lang='grc'><em>19</em></span> <span class='ocrx_word' id='word_1_433' title='bbox 807 2741 846 2777; x_wconf 79' lang='grc' dir='ltr'><em>δὲ</em></span> <span class='ocrx_word' id='word_1_434' title='bbox 869 2741 935 2776; x_wconf 85' lang='lat' dir='ltr'><em>VR</em></span> <span class='ocrx_word' id='word_1_435' title='bbox 1031 2743 1072 2775; x_wconf 87' lang='lat'><em>20</em></span> <span class='ocrx_word' id='word_1_436' title='bbox 1099 2747 1185 2777; x_wconf 87' lang='grc' dir='ltr'><em>τοῖσ</em></span> <span class='ocrx_word' id='word_1_437' title='bbox 1210 2751 1253 2776; x_wconf 87' lang='lat' dir='ltr'><em>ex</em></span> <span class='ocrx_word' id='word_1_438' title='bbox 1278 2742 1373 2778; x_wconf 79' lang='grc' dir='ltr'><em>τούσ</em></span> <span class='ocrx_word' id='word_1_439' title='bbox 1397 2751 1488 2776; x_wconf 88' lang='lat' dir='ltr'><strong>corr.</strong></span> <span class='ocrx_word' id='word_1_440' title='bbox 1515 2740 1545 2774; x_wconf 90' lang='lat' dir='ltr'>L</span> <span class='ocrx_word' id='word_1_441' title='bbox 1617 2743 1656 2774; x_wconf 84' lang='lat'><em>21</em></span> <span class='ocrx_word' id='word_1_442' title='bbox 1684 2753 1803 2787; x_wconf 84' lang='grc' dir='ltr'><em>παρα-</em></span> 
     </span>
     <span class='ocr_line' id='line_1_48' title="bbox 137 2790 1804 2843; baseline 0.002 -16"><span class='ocrx_word' id='word_1_443' title='bbox 137 2790 228 2829; x_wconf 85' lang='grc' dir='ltr'><em>δοὺσ</em></span> <span class='ocrx_word' id='word_1_444' title='bbox 253 2790 324 2831; x_wconf 74' lang='grc' dir='ltr'><em>ἀνὰ</em></span> <span class='ocrx_word' id='word_1_445' title='bbox 347 2797 496 2841; x_wconf 87' lang='grc' dir='ltr'><em>χιλίουσ</em></span> <span class='ocrx_word' id='word_1_446' title='bbox 520 2800 564 2832; x_wconf 85' lang='lat' dir='ltr'><em>tr.</em></span> <span class='ocrx_word' id='word_1_447' title='bbox 590 2797 620 2830; x_wconf 95' lang='lat' dir='ltr'>L</span> <span class='ocrx_word' id='word_1_448' title='bbox 714 2797 752 2833; x_wconf 80' lang='grc' dir='ltr'><em>δὲ</em></span> <span class='ocrx_word' id='word_1_449' title='bbox 768 2797 836 2832; x_wconf 83' lang='lat' dir='ltr'><em>VR</em></span> <span class='ocrx_word' id='word_1_450' title='bbox 929 2795 1151 2843; x_wconf 77' lang='grc' dir='ltr'><em>Κερεάλιον]</em></span> <span class='ocrx_word' id='word_1_451' title='bbox 1176 2796 1345 2832; x_wconf 69' lang='lat' dir='ltr'><em>Keramos</em></span> <span class='ocrx_word' id='word_1_452' title='bbox 1371 2798 1436 2842; x_wconf 83' lang='lat' dir='ltr'><em>Syr</em></span> <span class='ocrx_word' id='word_1_453' title='bbox 1508 2798 1549 2830; x_wconf 81' lang='lat'><em>22</em></span> <span class='ocrx_word' id='word_1_454' title='bbox 1577 2790 1712 2841; x_wconf 70' lang='grc' dir='ltr'><em>ἐνάτην</em></span> <span class='ocrx_word' id='word_1_455' title='bbox 1735 2798 1804 2840; x_wconf 80' lang='grc' dir='ltr'><em>τῆσ</em></span> 
     </span>
     <span class='ocr_line' id='line_1_49' title="bbox 139 2846 1804 2900; baseline 0.002 -17"><span class='ocrx_word' id='word_1_456' title='bbox 139 2846 277 2884; x_wconf 83' lang='grc' dir='ltr'><em>νυκτὸσ</em></span> <span class='ocrx_word' id='word_1_457' title='bbox 300 2854 343 2885; x_wconf 85' lang='lat' dir='ltr'><em>tr.</em></span> <span class='ocrx_word' id='word_1_458' title='bbox 371 2851 400 2885; x_wconf 93' lang='lat' dir='ltr'>L</span> <span class='ocrx_word' id='word_1_459' title='bbox 472 2855 512 2887; x_wconf 82' lang='lat'><em>23</em></span> <span class='ocrx_word' id='word_1_460' title='bbox 539 2855 855 2900; x_wconf 79' lang='grc' dir='ltr'><em>συνκαταβαίνειν</em></span> <span class='ocrx_word' id='word_1_461' title='bbox 878 2855 911 2887; x_wconf 91' lang='grc' dir='ltr'><strong>Α</strong></span> <span class='ocrx_word' id='word_1_462' title='bbox 999 2856 1041 2888; x_wconf 81' lang='grc'><em>24</em></span> <span class='ocrx_word' id='word_1_463' title='bbox 1064 2853 1264 2899; x_wconf 80' lang='grc' dir='ltr'><em>κατέσχον]</em></span> <span class='ocrx_word' id='word_1_464' title='bbox 1290 2853 1473 2899; x_wconf 83' lang='grc' dir='ltr'><em>ηντέσχον</em></span> <span class='ocrx_word' id='word_1_465' title='bbox 1496 2851 1527 2886; x_wconf 92' lang='lat' dir='ltr'>L</span> <span class='ocrx_word' id='word_1_466' title='bbox 1621 2854 1662 2886; x_wconf 82' lang='lat'><em>25</em></span> <span class='ocrx_word' id='word_1_467' title='bbox 1688 2851 1804 2887; x_wconf 85' lang='grc' dir='ltr'><em>πλέον</em></span> 
     </span>
    </p>
   </div>
   <div class='ocr_carea' id='block_1_11' title="bbox 139 2903 1529 3000">
    <p class='ocr_par' dir='ltr' id='par_1_14' title="bbox 139 2903 1529 3000">
     <span class='ocr_line' id='line_1_50' title="bbox 139 2903 306 2939; baseline 0.018 -2"><span class='ocrx_word' id='word_1_468' title='bbox 139 2903 306 2939; x_wconf 86' lang='lat' dir='ltr'>MLVRC</span> 
     </span>
     <span class='ocr_line' id='line_1_51' title="bbox 208 2965 1529 3000; baseline 0.003 -8"><span class='ocrx_word' id='word_1_469' title='bbox 208 2965 348 3000; x_wconf 83' lang='lat' dir='ltr'><strong>Iosephus</strong></span> <span class='ocrx_word' id='word_1_470' title='bbox 364 2966 418 2996; x_wconf 83' lang='lat' dir='ltr'><em>VI.</em></span> <span class='ocrx_word' id='word_1_471' title='bbox 1488 2965 1529 2996; x_wconf 72' lang='lat'><em>34</em></span> 
     </span>
    </p>
   </div>
   <div class='ocr_carea' id='block_1_12' title="bbox 1823 334 1901 373">
    <p class='ocr_par' dir='ltr' id='par_1_15' title="bbox 1823 334 1901 373">
     <span class='ocr_line' id='line_1_52' title="bbox 1823 334 1901 373; baseline 0.013 -1"><span class='ocrx_word' id='word_1_472' title='bbox 1823 334 1901 373; x_wconf 84' lang='lat'><em>125</em></span> 
     </span>
    </p>
   </div>
   <div class='ocr_carea' id='block_1_13' title="bbox 1822 469 1900 508">
    <p class='ocr_par' dir='ltr' id='par_1_16' title="bbox 1822 469 1900 508">
     <span class='ocr_line' id='line_1_53' title="bbox 1822 469 1900 508; baseline 0 0"><span class='ocrx_word' id='word_1_473' title='bbox 1822 469 1900 508; x_wconf 87' lang='grc'>126</span> 
     </span>
    </p>
   </div>
   <div class='ocr_carea' id='block_1_14' title="bbox 1826 672 1903 711">
    <p class='ocr_par' dir='ltr' id='par_1_17' title="bbox 1826 672 1903 711">
     <span class='ocr_line' id='line_1_54' title="bbox 1826 672 1903 711; baseline -0.013 0"><span class='ocrx_word' id='word_1_474' title='bbox 1826 672 1903 711; x_wconf 88' lang='grc'>127</span> 
     </span>
    </p>
   </div>
   <div class='ocr_carea' id='block_1_15' title="bbox 1826 873 1904 914">
    <p class='ocr_par' dir='ltr' id='par_1_18' title="bbox 1826 873 1904 914">
     <span class='ocr_line' id='line_1_55' title="bbox 1826 873 1904 914; baseline -0.013 0"><span class='ocrx_word' id='word_1_475' title='bbox 1826 873 1904 914; x_wconf 81' lang='grc'>128</span> 
     </span>
    </p>
   </div>
   <div class='ocr_carea' id='block_1_16' title="bbox 1828 1144 1906 1183">
    <p class='ocr_par' dir='ltr' id='par_1_19' title="bbox 1828 1144 1906 1183">
     <span class='ocr_line' id='line_1_56' title="bbox 1828 1144 1906 1183; baseline 0 0"><span class='ocrx_word' id='word_1_476' title='bbox 1828 1144 1906 1183; x_wconf 79' lang='grc'>129</span> 
     </span>
    </p>
   </div>
   <div class='ocr_carea' id='block_1_17' title="bbox 1829 1278 1906 1318">
    <p class='ocr_par' dir='ltr' id='par_1_20' title="bbox 1829 1278 1906 1318">
     <span class='ocr_line' id='line_1_57' title="bbox 1829 1278 1906 1318; baseline 0 -1"><span class='ocrx_word' id='word_1_477' title='bbox 1829 1278 1906 1318; x_wconf 85' lang='grc'>130</span> 
     </span>
    </p>
   </div>
   <div class='ocr_carea' id='block_1_18' title="bbox 1831 1414 1904 1453">
    <p class='ocr_par' dir='ltr' id='par_1_21' title="bbox 1831 1414 1904 1453">
     <span class='ocr_line' id='line_1_58' title="bbox 1831 1414 1904 1453; baseline 0.014 -1"><span class='ocrx_word' id='word_1_478' title='bbox 1831 1414 1904 1453; x_wconf 90' lang='grc'><em>131</em></span> 
     </span>
    </p>
   </div>
   <div class='ocr_carea' id='block_1_19' title="bbox 1832 1752 1910 1791">
    <p class='ocr_par' dir='ltr' id='par_1_22' title="bbox 1832 1752 1910 1791">
     <span class='ocr_line' id='line_1_59' title="bbox 1832 1752 1910 1791; baseline -0.013 0"><span class='ocrx_word' id='word_1_479' title='bbox 1832 1752 1910 1791; x_wconf 86' lang='grc'>132</span> 
     </span>
    </p>
   </div>
   <div class='ocr_carea' id='block_1_20' title="bbox 1832 1887 1910 1927">
    <p class='ocr_par' dir='ltr' id='par_1_23' title="bbox 1832 1887 1910 1927">
     <span class='ocr_line' id='line_1_60' title="bbox 1832 1887 1910 1927; baseline 0 -1"><span class='ocrx_word' id='word_1_480' title='bbox 1832 1887 1910 1927; x_wconf 86' lang='grc'>133</span> 
     </span>
    </p>
   </div>
  </div>
 </body>
</html>
