1987 3246
77 373 130 414 99

52 777 130 815 100

53 979 128 1019 101

56 1314 136 1354 102

163 125 215 161 24
591 121 656 155 DE
681 119 841 155 BELLO
867 118 962 153 IUD.
989 118 1006 151 I
1031 120 1185 153 98—102
1210 120 1266 159 (IV
1294 123 1321 150 6.
1349 120 1379 156 7)

161 236 358 284 θάνατος
378 236 576 288 κατέστη.
625 231 843 280 τοιούτοις
865 229 1006 284 ε’ργοις
1027 226 1114 283 ὀψὲ
1134 230 1206 271 καὶ
1230 229 1357 283 μόλις
1386 226 1568 284 ἡσυχίαν
1597 229 1651 283 τῇ
1680 229 1810 280 βασι-

164 307 259 360 λεία
290 305 481 355 πορίσας
512 295 793 340 ἀνεπαύσατο
824 299 907 338 τῶν
939 291 1104 338 όπλων.

275 374 311 411 7.
344 372 520 410 Γίνεται
563 365 609 407 δὲ
648 365 785 408 πάλιν
817 381 921 419 αρχη
953 362 1158 417 θορύβων
1183 358 1407 416 Ἀντίοχος
1438 359 1459 404 ὃ
1492 363 1564 403 καὶ
1594 359 1812 409 Διόιυσος

162 436 438 492 ἐπικληθείς,
476 436 732 511 Δημητρίου
770 431 848 486 μὲν
890 426 1083 486 ἀδελφὸς
1120 426 1200 481 ὤν,
1237 431 1486 479 τελευταῖος
1525 428 1570 471 δὲ
1600 430 1686 468 τῶν
1717 422 1808 469 άπὸ

161 502 391 546 Σελεύκου·
421 502 578 543 τοῦτον
598 499 680 555 γὰρ
703 500 852 549 δείσας
875 495 1238 552 στρατεύεψσθαι
1221 498 1297 539 επὶ
1325 497 1428 545 τοὺς
1439 493 1635 551 ’Ἀραβας
1667 491 1814 551 (ὅρμη-

160 573 290 625 μένον
327 568 376 612 τὸ
416 568 495 622 μὲν
532 566 693 622 μεταξύ
725 569 801 622 τῆς
830 563 942 620 ὑπὲρ
969 560 1311 618 Ἀντιπατρίδος
1340 567 1594 619 παρωρείου
1624 564 1697 605 καὶ
1726 563 1815 603 τῶν

155 635 340 692 Ἰόππης
363 635 572 691 αἰγιαλῶν
598 633 884 691 διαταφρεύει
909 632 1101 689 φάραγγι
1131 634 1312 687 βαθείᾳ,
1343 629 1430 684 πρὸ
1463 630 1510 672 δὲ
1539 632 1614 687 τῆς
1643 625 1814 685 τάφρου

161 714 301 758 τεῖχος
321 701 489 762 ἤγειρεν
509 700 681 760 ὑψηλὸν
702 704 774 745 καὶ
797 701 992 752 ξυλίνους
1013 698 1204 753 πύργους
1226 697 1476 754 ἐτεκτήνατο
1506 696 1586 747 τὰς
1617 692 1817 750 εὐμαρεῖς

163 770 352 827 ἐμβολὰς
397 766 710 827 ἀποφράττων.
769 764 818 811 οὗ
858 766 942 822 μὴν
982 764 1123 821 εἶρξαί
1160 782 1207 821 γε
1245 764 1320 807 τὸν
1353 760 1580 816 Ἀντίοχον
1617 763 1814 816 ἴσχυσεν·

163 839 392 895 ειιπρήσας
420 837 503 894 γὰρ
532 836 635 887 τοὺς
664 836 856 892 πύργους
885 835 957 876 καὶ
987 832 1064 888 τὴν
1094 832 1266 888 τάφρον
1293 831 1440 885 χώσας
1471 831 1674 908 διήλαυνε
1703 829 1813 884 μετὰ

162 923 239 963 της
270 906 508 960 δυνάμεως,
572 907 761 958 θέμενος
792 903 838 945 δε
870 918 913 944 εν
953 901 1140 956 δευτέρῳ
1179 898 1257 955 τὴν
1296 898 1410 954 πρὸς
1447 898 1524 940 τὸν
1560 896 1817 940 κωλύσαντα

167 971 335 1029 άμυναν
357 969 492 1023 ευθύς
518 972 593 1015 επὶ
623 987 726 1021 τους
736 967 936 1025 Ἀραβας
965 965 1047 1025 ᾒει.
1096 985 1184 1010 των
1216 966 1262 1009 δὲ
1293 983 1315 1008 ο
1347 964 1552 1020 βασιλευς
1583 960 1818 1018 αναχωριῦν

164 1042 227 1092 εἷς
247 1059 302 1084 τα
331 1039 636 1096 χρησιμώτερα
664 1040 742 1096 τῆς
770 1036 915 1090 χώρας
944 1034 1059 1090 πρὸς
1088 1033 1166 1092 τὴν
1196 1033 1350 1090 μάχην,
1383 1033 1539 1076 ἔπειτα
1567 1031 1645 1088 τὴν
1675 1031 1819 1074 ι’ππον

164 1109 373 1165 εξαίφνης
411 1107 708 1161 ἐπιστρέψας,
749 1108 884 1159 μυρία
923 1099 963 1145 δ
1006 1101 1058 1157 ἢν
1096 1101 1173 1144 τὸν
1211 1097 1428 1179 ἀριθμόν,
1475 1095 1680 1149 ἀτάκτοις
1720 1098 1820 1141 ἐπι-

163 1180 324 1220 πίπτει
354 1183 448 1225 τοῖς
478 1175 582 1228 περὶ
612 1172 688 1215 τὸν
703 1168 943 1224 Αντίοχον.
993 1171 1205 1225 καρτερᾶς
1236 1169 1282 1211 δὲ
1311 1169 1450 1225 μάχης
1480 1169 1710 1223 γενομενης
1741 1165 1822 1216 ε’ως

163 1245 243 1298 μὲν
270 1244 428 1298 περιῆν
444 1237 670 1294 Ἀντίοχος
700 1235 892 1292 ἀντεῖχεν
923 1235 946 1292 ἡ
982 1237 1163 1291 δύναμις
1195 1232 1325 1278 αυτοῦ
1356 1239 1515 1289 καίπερ
1547 1230 1702 1290 ανὲδην
1731 1231 1819 1275 ὑπὸ

167 1313 255 1354 τῶν
288 1306 492 1364 Ἀράβων
531 1307 840 1364 φονευόμενοι·
880 1304 1094 1354 πεσόντος
1134 1304 1200 1355 δέ,
1238 1305 1310 1345 καὶ
1349 1302 1430 1357 γὰρ
1466 1300 1824 1357 προεκινδύνευεν

166 1374 235 1421 dez
264 1386 358 1426 τοῖς
387 1374 654 1433 ἡττωμένοις
685 1373 1014 1429 παραβοηθῶν,
1054 1370 1319 1426 ἐγκλίνουσιν
1351 1369 1525 1421 πάντες,
1561 1370 1630 1410 καὶ
1663 1367 1712 1410 τὸ
1744 1367 1824 1421 μὲν

165 1447 375 1487 πλεῖστον
398 1438 539 1485 αὐτῶν
562 1441 638 1484 ἐπί
659 1458 706 1483 τε·
729 1443 807 1497 τῆς
838 1438 1128 1493 παρατάξεως
1156 1433 1235 1480 κᾶν
1265 1445 1318 1494 τῇ
1349 1439 1463 1494 φυγῇ
1495 1437 1823 1493 διαφθείρεται,

164 1511 267 1562 τοὺς
309 1511 355 1553 δὲ
396 1508 580 1558 λοιποὺς
618 1507 950 1565 καταφυγόντας
992 1505 1053 1555 εἷς
1083 1504 1208 1547 Κανὰ
1239 1505 1385 1561 κώμην
1417 1504 1578 1546 σπάνει
1607 1505 1694 1545 τῶν
1725 1501 1825 1544 ἑπι-

165 1579 351 1637 τηδείων
384 1574 672 1632 ἀναλωθῆναι
703 1578 858 1632 συνέβη
891 1572 1006 1630 πλὴν
1037 1568 1196 1627 ὀλίγων
1228 1567 1441 1622 ἅπαντας.

277 1686 298 1729 ξ
322 1687 364 1720 99
389 1702 431 1714 =
454 1685 538 1718 Ant.
562 1683 638 1717 Iud.
663 1681 761 1716 XIII
788 1684 850 1716 387
867 1692 919 1726 sq.

278 1777 815 1820 PAMLVRCLatHegesippus
831 1776 848 1810 I
870 1779 906 1809 11
934 1786 969 1819 p.
998 1777 1051 1809 15.

283 1838 299 1870 1
332 1832 532 1875 τοιούτοις]
558 1832 765 1867 PAMLLat
797 1832 908 1867 τέλοσ
938 1827 1131 1867 τοιούτοισ
1154 1829 1249 1863 VRC
1280 1827 1388 1869 τέλος
1420 1827 1458 1863 δὲ
1481 1824 1669 1868 τοιούτοις
1692 1826 1827 1860 Hauer-

169 1891 278 1935 kamp
353 1887 510 1935 ἡσυχίαν
527 1892 572 1935 τῇ
588 1889 774 1937 βασιλεία]
793 1888 903 1922 otium
920 1896 1141 1931 regnumque
1157 1885 1228 1918 Lat
1304 1886 1322 1917 3
1343 1879 1378 1919 ‹5'
1396 1883 1498 1917 AMC
1576 1879 1699 1922 πάλιν]
1726 1877 1829 1917 αὐτῶ

168 1944 280 1984 πάλιν
303 1945 578 1980 AMLVRCLat
685 1939 795 1990 άρχὴι
819 1944 851 1977 V
955 1944 1019 1978 καὶ
1043 1952 1071 1976 S.
1097 1942 1128 1976 V
1236 1939 1429 1981 Διόνυσος]
1455 1938 1614 1973 Bernard
1639 1932 1829 1973 διονύσιοσ

170 2002 441 2045 codd.LatHeg,
473 2002 516 2035 cf.
542 2002 626 2034 Ant.
652 2000 728 2034 Iud.
754 1999 841 2033 XIII
866 2001 928 2033 387
1025 2002 1043 2032 5
1077 1998 1214 2038 δείσας]
1247 1993 1365 2041 δήσασ
1389 1995 1487 2029 V¹R²
1579 1998 1598 2029 6
1630 1992 1674 2031 τὸ
1703 1994 1829 2038 μὲν-

171 2062 187 2092 7
207 2057 399 2104 αἰγιαλῶν]
419 2062 528 2092 totum
546 2055 689 2101 quidem
705 2066 814 2100 super
831 2054 1055 2099 antipatrida
1073 2053 1250 2087 ”mutibus
1261 2051 1472 2097 proximum
1490 2054 1525 2086 et
1540 2051 1634 2086 inter
1650 2052 1751 2097 iopes
1772 2051 1829 2086 lit-

170 2120 251 2149 tora
267 2114 425 2159 spatium
442 2113 512 2147 Lat
527 2114 618 2147 inter
635 2111 756 2146 urbem
772 2109 1029 2154 antipatridem
1051 2114 1086 2143 et
1109 2108 1236 2154 ioppes
1260 2107 1383 2142 littora
1400 2107 1474 2150 Heg
1542 2104 1602 2149 τὸ]
1627 2106 1696 2143 τὸν
1711 2107 1761 2142 V¹

168 2169 263 2215 ὑπὲρ
288 2180 356 2204 om.
382 2169 509 2203 LVRC
649 2163 750 2204 οἷντι·
769 2166 976 2209 -πατρίδοσ
999 2164 1032 2199 R
1163 2165 1374 2210 παρορείου
1398 2173 1443 2197 ex
1466 2173 1558 2198 corr.
1583 2165 1615 2198 A
1639 2165 1830 2210 παρορίου

168 2225 337 2261 MLVRC
429 2222 499 2261 τὸν
522 2224 586 2258 PA
678 2227 695 2257 7
728 2221 900 2268 αἰγιαλὸν
925 2221 987 2254 PA
1103 2233 1178 2266 προ
1198 2240 1202 2244 -
1220 2223 1312 2261 (eras
1338 2224 1371 2260 σ)
1397 2220 1429 2254 V
1546 2222 1564 2253 8
1588 2217 1829 2265 ἐτεκτήνατο]

171 2281 275 2316 ΡΑΜ
299 2286 335 2316 et
359 2285 398 2316 ut.
422 2282 491 2316 uid.
516 2281 585 2315 Lat
609 2275 878 2324 ἐνετεκτήνατο
904 2275 1002 2310 LVR
1025 2272 1252 2320 ἐνεκτήνατο
1279 2276 1305 2310 C
1375 2278 1395 2309 9
1421 2271 1552 2320 εἶρξαί]
1579 2272 1675 2321 εἶρξε
1699 2275 1778 2309 P¹A

173 2341 211 2373 11
240 2337 291 2379 δὲ]
317 2348 384 2373 om.
408 2339 440 2371 A
465 2331 499 2372 δ’
524 2336 586 2371 VC
611 2346 680 2381 que
703 2335 773 2369 Lat
863 2329 1083 2368 κωλύσοντα
1108 2332 1140 2365 V
1212 2333 1252 2364 12
1278 2327 1312 2366 δ’
1339 2331 1364 2365 C
1434 2326 1658 2377 ἀναχωρῶν]
1684 2326 1830 2376 οἷναχω-

173 2392 296 2439 ρήσασ
320 2387 365 2439 ἦν
389 2393 487 2428 LVR
602 2387 867 2437 α’ναχωρῶν-
883 2387 1016 2433 μάχην]
1050 2387 1087 2420 in
1120 2386 1209 2421 locis
1237 2397 1327 2422 suae
1351 2387 1509 2421 nationis
1533 2386 1833 2421 commodioribus

173 2460 284 2494 ayens
308 2449 357 2483 ad
377 2460 538 2495 potquam
563 2448 633 2482 Lat
750 2448 789 2480 13
813 2442 952 2491 χώρας]
976 2441 1109 2489 χώρασ
1132 2436 1177 2488 ἦν
1202 2452 1245 2476 ex
1270 2452 1360 2477 corr.
1385 2443 1423 2476 M
1538 2441 1604 2487 τὴν
1622 2462 1665 2466 -
1691 2445 1731 2476 14
1755 2440 1833 2478 ἐπι-

176 2505 355 2552 στρέψας]
390 2506 538 2550 z'oppam
569 2514 648 2538 cum
679 2502 841 2547 equitatu
873 2510 1039 2535 ι’·ειιειεαε
1063 2499 1133 2533 Lat
1273 2501 1312 2531 14
1336 2497 1510 2544 ἐξαίφνης
1534 2502 1616 2532 ante
1639 2496 1832 2534 ἐπιπίπτει

173 2586 217 2618 tr.
243 2584 313 2617 Lat
387 2584 425 2619 δὲ
448 2582 547 2618 LVR
616 2575 672 2627 ἧν]
697 2574 792 2626 ἦσαν
815 2579 848 2613 V
919 2575 1098 2614 ἀτάκτωσ
1121 2554 1315 2617 (ατάκτοωῗῖ
1344 2577 1386 2619 L)
1420 2576 1634 2620 περιπίπτει
1658 2575 1757 2609 LVR

177 2653 217 2684 16
254 2646 436 2695 ἀντεῖχεν]
474 2649 629 2684 durabat
664 2647 734 2682 Lat
900 2635 1052 2691 α’ναίδην
1076 2645 1105 2679 L
1137 2640 1291 2690 αναίδην
1314 2645 1347 2679 R
1510 2646 1548 2677 17
1580 2639 1768 2684 πεσόντος
1792 2642 1831 2678 δὲ

176 2717 205 2740 s.
220 2705 248 2740 P
321 2709 360 2740 18
374 2703 597 2750 ἡττομένοισ
611 2704 650 2738 Μ
719 2702 966 2748 ἐγκλίνουσιν]
979 2701 1121 2735 Bekker
1138 2699 1348 2736 ἐκκλίνουσι
1365 2701 1452 2740 (-σιν
1464 2698 1523 2741 1³¹)
1541 2697 1630 2733 codd
1703 2700 1742 2731 19
1758 2694 1832 2734 κοῖν

176 2763 221 2807 τῇ
235 2764 345 2807 φυγῇ]
359 2763 422 2796 καὶ
439 2763 483 2804 τῆ
500 2763 595 2806 φυγῇ
609 2759 710 2794 ΡΑΜ
726 2761 789 2794 καὶ
806 2761 874 2803 τῆσ
892 2759 1012 2803 φυγῆσ
1025 2756 1090 2790 LR
1105 2758 1168 2792 καὶ
1184 2758 1305 2802 φυγῆσ
1318 2755 1350 2790 V
1366 2755 1402 2788 in
1417 2755 1512 2798 fuya
1525 2753 1596 2786 Lat
1657 2755 1698 2786 20
1714 2766 1831 2788 κατα-

177 2825 365 2875 φυγόντεσ
381 2828 428 2862 V¹
530 2823 649 2866 Κανὰ]
668 2821 763 2862 οἷνὰν
780 2825 882 2859 ΡΑΜ
907 2816 980 2860 &Via
997 2824 1027 2857 L
1045 2835 1141 2858 amca
1165 2826 1310 2865 (accus.)
1326 2822 1395 2856 Lat
1419 2830 1564 2855 annana
1581 2819 1657 2863 Heg
1681 2813 1832 2866 εὕρηται

176 2886 241 2920 καὶ
262 2886 362 2920 κανᾶ
385 2885 448 2918 καὶ
468 2880 610 2929 γράννα
635 2882 658 2916 i.
683 2891 791 2924 marg.
816 2881 866 2922 M,
892 2881 936 2914 cf.
961 2880 1004 2914 A.
1030 2880 1058 2914 Ι.
1083 2879 1170 2913 XIII
1195 2882 1256 2913 391
1350 2880 1389 2911 21
1418 2871 1587 2917 ἅπαντας
1611 2886 1678 2910 om,
1703 2875 1774 2910 Lat

1845 837 1884 869 10

1852 1172 1889 1205 15

1855 1508 1893 1540 20
