2039 3251
54 549 73 579 5

35 885 72 917 10

33 1222 70 1255 15

35 1560 72 1592 20

32 1898 69 1930 25

521 157 587 192 DE
613 157 771 193 BELLO
797 158 892 194 IUD.
920 158 968 193 VI
992 161 1171 194 316-324
1194 161 1241 201 (Vl
1270 165 1295 191 1.
1322 162 1350 201 2)
1683 159 1763 196 555

217 270 286 313 VI.
324 275 357 313 1.
387 267 591 324 Ῥωμαῖοι
633 272 678 313 δὲ
709 273 794 312 τῶν
825 271 904 324 μὲν
937 274 1217 314 στασιαστῶν
1255 271 1658 328 καταπεφευγότων
1702 272 1764 322 εἰς

104 335 181 392 τὴν
215 336 361 389 πόλιν,
394 341 627 392 καιομένου
661 338 706 380 δὲ
739 333 871 379 αὐτοῦ
901 355 949 380 τε
983 341 1059 381 τοῦ
1093 341 1199 381 ναοῦ
1229 340 1301 381 καὶ
1341 340 1427 381 τῶν
1459 338 1592 394 πέριξ
1621 336 1765 381 ἁπάν-

103 421 203 455 των,
236 409 495 458 κομίσαντες
525 405 604 456 τὰς
635 409 829 461 σημαίας
860 405 922 455 εἷς
951 405 999 448 τὸ
1035 405 1153 460 ἱερὸν
1184 408 1257 449 καὶ
1290 409 1473 460 θέμενοι
1503 409 1580 462 τῆς
1603 405 1765 450 ἄνατο-

105 472 225 528 λικῆς
256 471 397 529 πύλης
429 470 629 526 ἄντικρυς
659 472 827 515 ἔθυσάν
848 489 895 515 τε
927 471 1080 522 αὑταῖς
1112 469 1274 516 αὐτόθι
1301 476 1372 516 καὶ
1398 474 1475 516 τὸν
1501 479 1632 517 Τίτον
1654 474 1764 528 μετὰ

101 544 319 594 μεγίστων
366 535 593 596 εὐφημιῶν
640 536 873 597 ἀπέφηναν
920 536 1233 594 αὐτοκράτορα.
1304 550 1402 591 ταῖς
1448 542 1494 584 δὲ
1542 539 1764 597 ἁρπαγαῖς

105 601 243 657 οὕτως
275 607 612 664 ἐνεπλήσθησαν
644 608 684 650 οἱ
718 609 989 661 στρατιῶται
1020 607 1197 659 πάντες,
1230 603 1342 650 ὥστε
1372 608 1482 650 κατὰ
1504 609 1582 666 την
1603 613 1766 664 Συρίαν

103 672 218 725 πρὸς
248 668 382 731 ἥμισυ
413 676 488 731 τῆς
518 674 660 717 πάλαι
690 677 820 732 τιμῆς
850 673 926 716 τὸν
958 674 1165 728 σταθμὸν
1195 678 1272 717 τοῦ
1300 680 1480 730 χρυσίου
1514 677 1764 731 πιπράσκε-

103 744 229 784 σθαι.
271 743 355 784 τῶν
378 740 421 783 δ’
447 738 528 784 ἆνὰ
560 741 637 784 τὸν
658 750 804 794 τοῖχον
825 744 903 784 τοῦ
925 744 1032 785 ναοῦ
1055 743 1205 797 ἱερέων
1229 743 1632 799 διακαρτερούντων
1654 753 1764 794 παῖς

103 808 297 866 διψήσας
333 809 493 851 ἱκέτευε
523 808 624 858 τοὺς
656 808 854 865 φύλακας
899 812 984 852 τῶν
1012 808 1234 864 Ῥωμαίων
1274 811 1426 853 δοῦναι
1467 810 1614 861 δεξιὰν
1647 808 1765 867 αὐτῷ

100 878 173 919 καὶ
202 874 251 918 τὸ
287 876 421 931 δίψος
452 875 782 931 ἐξωμολογεῖτο.
836 879 924 920 τῶν
957 878 1003 921 δὲ
1034 881 1110 936 τῆς
1142 876 1314 936 ἡλικίας
1346 879 1418 920 καὶ
1459 881 1536 934 τῆς
1576 874 1763 936 ἀνάγκης

103 942 248 986 οἶκτον
283 942 508 998 λαβόντων
547 946 619 987 καὶ
653 943 818 987 δόντων
860 945 1008 996 δεξιὰς
1048 946 1245 1001 καταβὰς
1284 941 1416 995 αἰτός
1446 962 1494 988 τε
1532 951 1653 989 πίνει
1690 949 1763 990 καὶ

102 1010 125 1054 ὂ
166 1017 313 1067 φέρων
351 1006 451 1069 ἧκεν
492 1006 664 1066 ἀγγεῖον
706 1011 882 1069 πλήσας
922 1011 1082 1064 ὓδατος
1122 1011 1257 1070 ᾤχετο
1300 1013 1474 1070 φεύγων
1516 1010 1608 1057 ἄνω
1649 1014 1765 1070 πρὸς

99 1078 202 1129 τους
234 1082 485 1136 σφετέρους.
544 1081 632 1134 τῶν
673 1079 719 1122 δὲ
759 1080 967 1136 φυλάκων
1007 1084 1270 1135 καταλαβεῖν
1300 1082 1379 1135 μὲν
1416 1077 1560 1131 οὐδεὶς
1599 1082 1762 1136 ἴσχυσε,

100 1145 214 1202 πρὸς
255 1146 302 1189 δὲ
340 1145 417 1203 τὴν
457 1142 673 1190 ἆπιστίαν
713 1146 1038 1205 ἐβλασφήμουν.
1088 1144 1286 1200 κάκεῖνος
1325 1145 1451 1192 οὐδὲν
1491 1149 1575 1206 ἔφη
1617 1166 1764 1205 παρα-

98 1217 330 1271 βεβηκέναι
360 1216 449 1258 τιᾶν
481 1217 732 1272 συνθηκῶν·
770 1216 921 1270 λαβεῖν
950 1215 1032 1271 γὰρ
1069 1216 1218 1267 δεξιὰν
1250 1215 1298 1259 ού
1339 1219 1417 1259 τοῦ
1457 1220 1604 1270 μένειν
1645 1212 1759 1271 παρ’

101 1277 252 1332 αὐτοῖς
283 1277 394 1324 ἀλλὰ
424 1284 502 1325 τοῦ
532 1284 775 1339 καταβῆναι
804 1283 941 1336 μόνον
961 1285 1034 1326 καὶ
1058 1284 1208 1338 λαβεῖν
1232 1280 1359 1339 ὕδωρ,
1393 1280 1508 1339 ὅπερ
1531 1280 1764 1340 ἀμφότερα

100 1348 357 1406 πεποιηκώς
387 1349 549 1400 πιστὸς
571 1350 718 1400 ἔδοξεν
741 1348 866 1392 εἶναι.
914 1352 963 1393 τὸ
987 1352 1066 1405 μὲν
1089 1351 1139 1408 δὴ
1164 1352 1452 1409 πανούργημα
1475 1351 1548 1394 διὰ
1570 1351 1648 1408 την
1668 1350 1762 1409 ἡλι-

99 1421 198 1460 κίαν
229 1416 424 1471 μάλιστα
462 1419 540 1460 τοῦ
577 1416 741 1467 παιδὸς
774 1418 1094 1470 ἀπεθαύμαζον
1132 1420 1174 1462 οἱ
1213 1420 1538 1476 πλανηθέντες·
1579 1423 1762 1477 πέμπτῃ

102 1480 143 1526 δ’
169 1481 310 1542 ἡμέρᾳ
342 1484 633 1541 λιμιόττοντες
657 1485 697 1527 οἱ
722 1485 852 1568 ἱερεῖς
883 1490 1199 1541 καταβαίνουσι
1229 1489 1301 1530 καὶ
1327 1486 1441 1542 πρὸς
1468 1492 1599 1531 Τίτον
1631 1483 1763 1541 ἄναχ-

100 1554 258 1602 θέντες
287 1549 375 1595 ὗπὸ
408 1555 496 1595 τιῦν
528 1550 735 1609 φυλάκων
765 1553 956 1596 ἱκέτευον
986 1563 1129 1606 τυχεῖν
1161 1558 1394 1610 σωτηρίας.
1447 1552 1468 1596 ὁ
1503 1555 1549 1597 δὲ
1579 1554 1763 1609 τὸνμὲν

99 1637 176 1676 της
208 1619 460 1676 συγγνώμης
490 1620 644 1699 καιρὸν
676 1616 826 1670 αυτοῖς
858 1624 1166 1678 παρῳχηκέναι
1188 1621 1347 1678 φήσας,
1382 1622 1590 1675 οίχεσθαι
1623 1622 1669 1665 δὲ
1697 1618 1758 1666 δι

100 1687 150 1731 ὃν
172 1683 361 1743 ευλόγως
383 1705 435 1730 αν
459 1684 615 1738 αἰτους
636 1687 780 1741 ε’σωζε,
814 1692 1002 1744 πρέπειν
1025 1689 1072 1731 δε
1094 1698 1188 1739 τοῖς
1210 1689 1374 1744 ἱερεῖ-σι
1395 1706 1455 1745 τω
1480 1707 1568 1746 ναω
1594 1706 1764 1733 συναπ-

101 1756 304 1808 ολέσθαι,
336 1755 502 1798 κελεύει
531 1755 719 1798 κολάσαι
749 1772 852 1806 τους
884 1753 1058 1811 ανδρας.

214 1827 252 1865 2.
300 1823 355 1866 Οἱ
396 1823 442 1865 δὲ
482 1826 585 1879 περὶ
622 1823 725 1873 τοὺς
763 1824 1001 1880 τυράννους
1033 1821 1094 1874 ὠς
1131 1826 1194 1880 τῷ
1232 1841 1280 1866 τε
1309 1824 1492 1881 πολέμῳ
1532 1824 1761 1867 πάντοθεν

100 1888 356 1944 ἐκρατοῦντο
378 1892 451 1933 καὶ
483 1894 931 1946 περιτετειχισμένοις
958 1892 1190 1948 διαφυγεῖν
1222 1887 1476 1945 οὐδαμόθεν
1498 1883 1562 1950 ἦν,
1595 1909 1763 1949 προκα-

100 1959 278 2001 λοῦνται
307 1957 384 2001 τὸν
410 1962 542 2002 Τίτον
574 1958 636 2008 εἷς
659 1958 827 2014 λόγους.
878 1956 899 2002 ὁ
926 1959 1065 2002 δὲκαὶ
1089 1959 1163 2002 διὰ
1185 1958 1233 2002 τὸ
1259 1959 1590 2015 φιλάνθρωπον
1629 1960 1761 2017 φύσει

98 2024 146 2068 τὸ
179 2028 282 2081 γοῦν
315 2025 424 2068 ἂστυ
453 2028 705 2080 περισῶσαι
735 2027 1088 2081 προαιρούμενος
1118 2029 1192 2070 καὶ
1222 2029 1310 2069 τῶν
1340 2028 1484 2083 φίλων
1507 2027 1762 2083 ἐναγόντων,

210 2250 750 2294 PAMLVRCLatHegesippus
775 2250 808 2285 V
832 2253 874 2284 45
899 2261 935 2295 p.
954 2252 1030 2285 366.
1071 2250 1233 2287 Zonaras
1258 2252 1273 2286 I
1298 2263 1332 2297 p.
1353 2255 1430 2287 545.

213 2320 229 2351 1
256 2317 280 2352 i.
306 2327 417 2361 marg.
443 2314 508 2365 λβ’
535 2317 561 2352 C
699 2317 752 2358 δὲ]
773 2317 842 2361 μὲν
865 2318 897 2351 Α
923 2320 959 2352 et
982 2321 1023 2352 ut
1047 2318 1119 2353 uid.
1144 2319 1215 2353 Lat
1353 2321 1372 2353 2
1398 2333 1438 2356 τε
1463 2330 1532 2355 om.
1558 2319 1665 2354 LZon

99 2376 120 2407 4
144 2368 299 2419 οἷντικρὺ
323 2373 429 2409 ΡΑΜ
522 2371 664 2411 ἔθυσάν
688 2377 741 2415 τε]
765 2368 957 2410 θύσαντεσ
980 2374 1011 2409 L
1035 2375 1215 2419 sacrificio
1242 2375 1420 2411 celebrato
1444 2376 1514 2411 Lat
1622 2371 1764 2418 αὐταῖς]

98 2427 139 2465 ἐν
163 2436 249 2466 ταῖσ
265 2429 298 2465 V
391 2433 408 2464 7
434 2423 545 2476 ἤμυσι
571 2430 598 2465 C
688 2433 831 2476 χρυσοῦ
855 2430 894 2464 Μ
989 2433 1007 2464 8
1033 2430 1071 2467 δὲ
1087 2430 1187 2466 LVR
1278 2432 1360 2474 τὸν]
1386 2435 1464 2468 τῶν
1487 2433 1521 2466 Α
1612 2433 1635 2466 i.
1652 2442 1764 2477 marg.

100 2479 163 2531 λγ’
189 2486 216 2521 C
286 2489 690 2532 προσκαρτεροῦντων,
715 2502 745 2523 ω
770 2487 793 2522 i.
818 2496 889 2521 ras.
914 2487 947 2520 A
1027 2483 1380 2534 διακαρτερούντων
1403 2488 1536 2534 ἱερέων
1559 2492 1604 2525 tr.
1631 2489 1670 2534 C,
1695 2500 1764 2534 quo

99 2542 235 2577 nitatur
258 2542 397 2585 hiatus;
427 2542 490 2577 sed
515 2542 646 2589 ἱερέων
670 2543 753 2577 fort.
779 2543 939 2586 spurium
1050 2546 1090 2577 10
1113 2542 1383 2591 ἐξομολογεῖτο
1409 2545 1529 2580 PA¹M
1646 2549 1683 2581 11
1712 2549 1766 2582 ὁε-

99 2594 180 2640 ξιὰν
195 2598 225 2632 L
314 2601 354 2632 12
378 2591 480 2643 ἧκεν]
504 2593 593 2646 ἦγεν
610 2599 713 2634 ΡΑΜ
798 2595 955 2644 πλήσας]
981 2597 1188 2645 πληρώσασ
1204 2601 1232 2635 Ρ
1319 2601 1423 2648 πρὸσ
1439 2601 1533 2638 τοὺσ
1554 2602 1766 2648 σφετέρουσ

99 2651 178 2690 ἄνω
202 2656 247 2690 tr.
271 2654 302 2688 L
390 2658 429 2689 15
454 2655 569 2702 μένην
594 2655 620 2691 C
706 2657 746 2691 16
771 2658 915 2702 λαβεῖν]
941 2658 1008 2691 τοῦ
1032 2658 1165 2702 λαβεῖν
1188 2656 1219 2691 L
1308 2661 1346 2692 17
1373 2655 1500 2701 ἔδοξεν
1523 2668 1592 2693 om.
1618 2658 1720 2692 LLat

97 2708 166 2752 μὲν
181 2719 250 2744 om.
267 2710 334 2744 VR
421 2714 460 2745 19
481 2711 520 2748 δὲ
536 2711 673 2748 PMVR
753 2708 1011 2755 λιμόττωντεσ
1035 2713 1063 2747 P
1149 2715 1191 2748 20
1216 2712 1392 2749 ἱκέτευων
1415 2714 1448 2747 A
1534 2717 1571 2748 21
1602 2711 1766 2760 συγγνώ-

98 2767 178 2809 μης]
203 2763 358 2811 γνώμησ
383 2766 409 2800 C
524 2767 562 2804 δὲ
587 2779 655 2803 om.
681 2768 708 2802 P
817 2770 859 2802 22
886 2764 942 2810 ὃν]
969 2762 1022 2804 ὧν
1048 2768 1074 2803 C
1183 2773 1226 2804 24
1250 2771 1306 2817 τῷ
1329 2772 1382 2810 τε]
1407 2767 1498 2806 τότε
1521 2770 1550 2805 Ρ
1575 2772 1631 2806 τῶ
1653 2770 1684 2804 L
1709 2772 1765 2806 τῶ

99 2848 188 2887 τότε
211 2852 277 2888 VR
368 2854 614 2902 πανταχόθεν
637 2857 694 2893 ΡΟ
719 2837 941 2903 πανταΞθεν
963 2856 994 2891 L
1089 2862 1130 2894 25
1161 2861 1458 2905 προκαλοῦνται]
1484 2859 1605 2894 Naber
1623 2870 1763 2905 Pr0u0·

100 2910 186 2941 cant
207 2907 278 2942 Lat
301 2914 606 2953 προσκαλοῦνται
631 2914 734 2949 codd.
759 2914 835 2948 Zon

1797 276 1875 315 316

1796 546 1876 585 317

1795 746 1876 786 318

1796 883 1875 922 319

1796 1084 1876 1125 320

1795 1356 1872 1397 321

1795 1558 1875 1598 322

1793 1829 1874 1869 323

1793 1964 1874 2004 324
