2039 3251
515 143 579 177 DE
606 141 764 177 BELLO
790 141 885 177 IUD.
912 141 961 177 VI
991 143 1165 176 199—205
1189 144 1238 183 (ΙΙΙ
1268 148 1296 174 3.
1324 145 1355 184 4)
1684 143 1764 181 539

102 257 170 299 δεῖ
198 255 274 314 την
306 252 380 299 ἐπ’
419 252 608 310 ἀψύχοις
640 251 867 298 ἀναίδειαν
906 257 983 298 τοῦ
1025 256 1153 309 λιμοῦ
1190 256 1353 310 λέγειν;
1392 254 1482 310 εἶμι
1513 255 1595 312 γὰρ
1629 253 1764 301 αὐτοῦ

103 324 311 381 δηλω’σων
359 323 482 380 ἔργον
522 322 614 366 οἷον
660 323 769 380 μήτε
815 318 924 379 παρ’
958 318 1160 379 Ἕλλησιν
1204 323 1313 381 μήτε
1359 323 1483 377 παρὰ
1521 325 1765 381 βαρβάροις

104 392 351 449 ἱστόρηται,
394 390 577 449 φρικτὸν
615 391 694 444 μὲν
734 390 898 441 εἰπεῖν,
940 388 1132 433 ἄπιστον
1172 391 1218 433 δὲ
1259 387 1458 434 ἀκοῦσαι.
1526 394 1598 435 καὶ
1631 393 1763 449 ἔγωγε

100 459 157 517 μη
193 459 369 514 δόξαιμι
400 458 717 514 τερατεύεσθαι
748 467 842 508 τοῖς
881 449 1016 509 αὖθις
1056 458 1339 513 ἀνθρώποις,
1379 453 1457 501 κᾶν
1491 461 1765 515 παρέλειπον

51 537 69 568 5
99 526 176 584 τὴν
208 526 439 584 συμφορὰν
470 524 621 585 ἡδέως,
655 526 693 569 εἰ
714 526 772 583 μη
799 529 886 569 τιῦν
907 526 1004 568 κατ’
1041 524 1228 579 ἐμαυτὸν
1261 523 1376 578 εἶχον
1409 522 1620 583 ἀπείρους
1651 530 1764 585 μάρ-

100 611 245 649 τυρας.
312 592 456 645 ἄλλως
494 612 541 637 τε
581 596 653 636 καὶ
695 593 865 649 ψυχρὰν
907 587 960 635 ἂν
1000 598 1277 649 καταθείμην
1319 596 1371 650 τῇ
1413 596 1597 649 πατρίδι
1634 597 1762 652 χάριν

99 662 410 719 καθυφέμενος
440 661 516 705 τὸν
549 662 676 717 λόγον
707 658 767 704 ὦν
799 664 1030 703 πέπονθεν
1062 660 1116 702 τὰ
1149 660 1266 716 ἔργα.

216 735 254 772 4.
288 730 398 785 Γυνή
421 747 489 780 τις
510 732 596 771 τῶν
617 727 729 784 ὑπὲρ
751 728 828 771 τὸν
852 725 1074 784 Ἰορδάνην
1103 729 1436 782 κατοικούντων,
1469 735 1631 787 ῙΙΙαρία
1661 730 1762 775 τοῖ-

101 813 225 850 νομα,
250 797 419 852 πατρὸς
436 794 702 852 Ἐλεαζάρου,
724 797 872 853 κώμης
893 796 1168 852 Βηθεζουβᾶ,
1197 801 1398 853 σημαίνει
1425 797 1470 839 δὲ
1492 801 1622 841 τοῦτο
1647 798 1765 851 οἶκος

33 876 69 908 10
104 861 326 918 ῧσσώπου,
351 865 424 908 διὰ
444 868 567 920 γένος
587 867 659 908 καὶ
681 866 873 907 πλοῦτον
896 863 1126 921 ἐπίσημος,
1147 864 1257 919 μετὰ
1279 867 1355 907 τοῦ
1378 866 1539 908 λοιποῦ
1561 867 1766 923 πλήθους

100 931 162 982 εἰς
189 932 243 974 τὰ
270 930 548 988 Ἱεροσόλυμα
578 934 893 989 καταφυγοῦσα
924 934 1323 988 συνεπολιορκεῖτο.
1383 930 1545 990 ταύτης
1574 933 1653 989 την
1683 935 1762 989 μὲν

100 996 233 1057 ἄλλην
273 1004 422 1059 κτῆσιν
463 1002 504 1044 οἱ
543 1000 746 1055 τύραννοι
783 999 1058 1057 διήρπασαν,
1099 996 1205 1057 ὅσην
1238 999 1282 1043 ἐκ
1312 1003 1388 1057 τῆς
1419 1004 1619 1056 Περαίας
1659 998 1766 1046 ἄνα-

99 1073 395 1126 σκευασαμένη
418 1065 672 1124 μετήνεγκεν
696 1067 758 1118 εἷς
781 1066 858 1125 τὴν
882 1067 1025 1147 afim),
1058 1067 1113 1110 τὰ
1137 1069 1183 1111 δὲ
1206 1069 1399 1123 λείψανα
1420 1070 1508 1110 τῶν
1528 1071 1765 1127 κειμηλίων

95 1138 169 1179 καὶ
192 1137 234 1179 εἴ
251 1153 294 1180 τι
318 1139 486 1194 τροφῆς
518 1135 781 1192 επινοηθείη
813 1131 923 1178 καθ
958 1132 1124 1191 ἦιιέραν
1156 1136 1456 1192 εἰσπηδῶντες
1488 1131 1686 1193 ἥρπαζον
1721 1139 1762 1181 οἱ

30 1214 65 1245 15
98 1202 352 1260 δοριφόροι.
414 1203 531 1262 δεινη
565 1203 611 1246 δὲ
641 1202 689 1246 τὸ
722 1220 901 1281 γυναιρν
934 1202 1226 1260 ἀγανάκτησις
1257 1204 1410 1260 εισῄει,
1442 1206 1515 1247 καὶ
1547 1205 1761 1256 πολλακις

1795 391 1877 430 200

1795 731 1873 771 201

1795 934 1878 974 202

1793 1204 1876 1245 203

95 1271 358 1326 λοιδοροῦσα
380 1274 451 1315 καὶ
480 1274 765 1328 καταρωμένη
797 1270 899 1321 τοὺς
931 1266 1135 1326 άρπαγας
1158 1268 1232 1328 ἐφ
1261 1269 1394 1350 αὖτην
1424 1268 1643 1330 ἠρέθιζεν.
1695 1271 1756 1323 ιῦς
1789 1274 1875 1313 204

95 1334 136 1379 δ
174 1355 273 1381 ουτε
303 1339 659 1394 παροξυνόμενός
696 1355 764 1389 τις
804 1335 897 1381 οὔτ’
935 1339 1067 1382 ἐλεῶν
1106 1336 1239 1398 αυτὴν
1279 1335 1452 1396 ἀνῄρει,
1495 1342 1567 1382 καὶ
1599 1339 1647 1383 τὸ
1680 1341 1761 1394 μὲν

94 1403 233 1460 εὗρεῖν
263 1423 307 1450 τι
338 1411 480 1450 σιτίον
512 1404 663 1457 ἄλλοις
695 1405 866 1455 εκοπία,
899 1407 1183 1460 πανταχόθεν
1215 1407 1262 1449 δὲ
1294 1403 1333 1448 ἅ
1326 1423 1464 1460 τορον
1495 1398 1547 1464 ἧν
1577 1405 1654 1490 ἴδη
1687 1411 1759 1452 καὶ

91 1471 140 1515 τὸ
175 1470 335 1529 ειρεῐν,
377 1492 398 1517 ο
434 1474 559 1529 λιμὸς
591 1475 638 1517 δὲ
670 1473 744 1517 δια
777 1473 1038 1530 σπλάγχνων
1075 1492 1149 1517 και
1189 1476 1360 1529 μυελῶν
1395 1474 1545 1529 ἐχώρει
1575 1477 1647 1518 καὶ
1679 1479 1757 1519 τοῦ

27 1552 63 1584 20
94 1541 224 1594 λιιιοῦ
261 1542 430 1595 μᾶλλον
470 1542 664 1593 εξεκαιον
705 1542 747 1584 οἱ
777 1545 939 1596 θυμοί,
982 1542 1229 1597 σύμβουλον
1271 1543 1469 1597 λαβοῦσα
1507 1560 1585 1599 την
1626 1539 1758 1600 οργῇν

90 1624 200 1663 μετα
231 1624 308 1666 της
339 1605 526 1667 ανάγκης
558 1608 632 1652 ἐπὶ
664 1609 740 1666 τὴν
773 1609 906 1666 φύσιν
938 1626 1101 1665 εχωρει,
1133 1627 1204 1653 και
1235 1608 1284 1652 τὸ
1307 1612 1470 1661 τέκνον,
1503 1609 1554 1665 ἠν
1578 1611 1624 1653 δὲ
1648 1608 1760 1668 αὖτῃ

203 1822 739 1868 PAMLVRCLatHegesippus
764 1823 796 1858 V
820 1827 863 1858 40
889 1835 923 1868 p.
942 1827 1019 1859 354.
1065 1824 1226 1858 Zonaras
1251 1823 1267 1857 I
1292 1833 1327 1867 p.
1347 1826 1424 1858 538.
1472 1824 1651 1860 Eusebius
1678 1823 1761 1860 hist.

90 1879 176 1914 eccl.
202 1879 255 1913 III
281 1883 311 1921 6,
334 1881 384 1915 12.
423 1880 498 1915 Ioh.
525 1879 799 1925 Chrysostomus
824 1881 896 1916 uol.
922 1881 940 1914 I
963 1891 999 1924 p.
1018 1884 1073 1915 51.

208 1951 219 1982 l
248 1947 331 1992 εἰμὶ,
357 1951 369 1984 ὶ
394 1958 437 1983 ex
461 1945 482 1995 ὴ
508 1959 600 1984 corr.
628 1949 654 1984 C
772 1948 899 1991 αὐτοῦ]
926 1945 1045 1985 αὐτὸν
1070 1950 1102 1983 Α
1221 1951 1241 1983 2
1269 1944 1408 1985 ὁποῖον
1432 1948 1553 1983 Euseb
1654 1950 1760 1996 παρὰ

88 2006 171 2039 ante
195 2002 411 2052 βαρβάροις
434 2016 503 2041 om.
529 2006 559 2040 L
699 2009 718 2040 3
743 2001 778 2042 δ’
802 2005 986 2040 LCEuseb
1125 2003 1256 2051 ἔγωγε]
1290 2002 1364 2051 ἐγὼ
1394 2005 1432 2041 δὲ
1456 2005 1668 2050 VRCChrys

90 2063 111 2094 4
135 2061 290 2107 δόξαιμη
315 2063 348 2096 Α
483 2059 567 2104 κᾶν]
596 2064 660 2098 καὶ
686 2062 712 2097 C
849 2062 1063 2109 παρέλιπον
1092 2061 1435 2106 MRCEusebChrys
1468 2074 1546 2108 παρ
1563 2081 1571 2087 ·
1588 2060 1761 2098 ·ε’λειπον

90 2119 123 2153 V
145 2118 417 2153 intermitterem
441 2118 511 2152 Lat
672 2122 690 2152 5
715 2120 793 2154 τῶν
823 2114 915 2154 κατ’
940 2114 1108 2162 ἐμαυτὸν
1136 2128 1204 2152 om.
1230 2117 1302 2151 Lat
1461 2120 1480 2151 6
1506 2115 1669 2163 ψυχρὰν]
1695 2118 1761 2152 ali·

90 2186 199 2220 quam.
222 2175 295 2209 Lat
401 2171 449 2211 ὀίν
473 2184 541 2208 om.
567 2173 744 2218 RCChrys
859 2174 1073 2221 κατεθέμην
1098 2174 1128 2208 L
1154 2178 1189 2208 et
1213 2172 1361 2208 Eusebii
1386 2173 1464 2208 cod.
1491 2173 1523 2207 E
1636 2171 1763 2228 χάριν]

87 2228 220 2276 χώραν
245 2230 270 2265 G
388 2234 405 2264 7
431 2230 694 2276 καθυφέμενος
718 2250 762 2254 --
787 2227 879 2277 ἔργα
905 2241 974 2266 om.
1000 2230 1028 2263 P
1156 2228 1441 2274 καθυφειμένοσ
1465 2230 1499 2264 Α
1627 2224 1692 2271 ὦν]
1719 2231 1764 2267 οὑ

89 2287 300 2332 VRCChrys
370 2287 548 2323 πέπονθα
572 2287 622 2322 R2
693 2289 711 2321 8
737 2300 791 2328 τις
816 2297 884 2322 om.
911 2286 1101 2322 VREuseb
1173 2282 1253 2327 τὸν]
1278 2288 1356 2321 τῶν
1372 2285 1434 2320 VC
1503 2284 1623 2331 μάρια
1642 2286 1668 2320 C

91 2346 111 2378 9
136 2346 372 2391 Βηθεζουβᾶ]
398 2343 427 2377 L
451 2341 635 2391 βαθεχώρ
661 2343 818 2377 PAVRG
842 2340 1019 2390 βεθεζώρ
1046 2343 1086 2377 Μ
1110 2355 1157 2389 γρ
1188 2339 1660 2389 βαθεζώρΙαλλβαθαχώρ
1687 2342 1763 2385 (sic)

91 2399 115 2434 i.
139 2410 249 2443 marg.
273 2399 304 2433 L
329 2400 507 2435 uatezoba
530 2402 594 2434 aut
617 2400 814 2434 uatezobra
831 2399 901 2434 Lat
918 2397 1103 2445 Βαθεζώρ
1129 2399 1250 2434 Euseb
1269 2396 1422 2444 Βηθεζὼ
1442 2398 1553 2443 Chrys
1579 2399 1762 2434 Betle’r'ub

92 2454 158 2499 Syr
181 2453 372 2503 Βηθεζώβ
403 2456 551 2491 Hudson
671 2459 709 2491 10
740 2453 916 2492 ὑσσόπου
945 2455 979 2490 R
1091 2454 1275 2502 ἐπίσημον
1299 2455 1395 2490 VRC
1513 2458 1555 2489 14
1586 2457 1661 2496 καὶ]
1689 2452 1763 2492 κᾶν

91 2510 427 2557 VRCEusebChrys
535 2508 631 2548 καθ’
654 2508 797 2559 ἡμέρας
822 2512 934 2557 Chrys
1050 2515 1089 2546 15
1115 2512 1164 2553 δὲ]
1190 2522 1258 2547 om.
1285 2511 1322 2545 M
1347 2510 1387 2558 δὴ
1413 2511 1565 2546 Hudson
1673 2515 1763 2547 πολ·

93 2565 176 2603 idm
200 2567 315 2603 AVR¹
435 2571 473 2603 16
500 2565 565 2615 ἐφ’
597 2566 733 2615 ἑαυτὴν
757 2568 1097 2612 MLGEusebOhrys
1129 2565 1294 2614 ἐπαυτὴν
1318 2568 1345 2602 Ρ
1465 2571 1501 2602 17
1530 2563 1565 2603 δ’
1591 2564 1690 2609 οὔτε]
1724 2567 1762 2604 δὲ

95 2619 181 2659 οὔτε
204 2623 271 2658 VR
297 2619 334 2659 δ’
361 2620 440 2660 οὐδ’
469 2622 488 2661 ὃ
515 2625 545 2659 L
678 2623 765 2662 οὔτε
791 2624 919 2660 PLVR
1048 2626 1111 2660 καὶ
1142 2621 1187 2660 τὸ
1214 2644 1256 2649 -
1284 2626 1323 2658 18
1348 2621 1501 2667 ἐκοπία]
1533 2624 1598 2658 sed
1627 2624 1759 2659 uictum

95 2679 236 2723 quidem
253 2681 443 2725 patrando
469 2681 551 2716 aliis
575 2681 764 2717 laborabat
787 2681 868 2723 Lat,
894 2681 955 2725 qui
979 2680 1061 2715 fort.
1088 2683 1142 2729 τῷ
1167 2690 1231 2724 pro
1258 2677 1302 2716 τὸ
1328 2680 1455 2716 habuit
1573 2682 1612 2714 18
1639 2680 1762 2716 σιτίου

95 2733 285 2778 Spanheim
400 2734 523 2780 ἄλλως
548 2737 659 2782 Chrys
767 2734 963 2774 πάντοθεν
987 2736 1016 2770 L
1041 2737 1122 2771 fort.
1149 2740 1246 2771 recte
1353 2732 1390 2772 δ’
1416 2736 1713 2781 LCEusebChrys

99 2792 139 2823 19
165 2786 321 2835 ὃλιμὸς]
346 2795 409 2828 καὶ
435 2789 582 2838 ὃλιμὸς
605 2793 754 2829 Eusebii
779 2794 882 2829 codd.
909 2793 1050 2837 quidam
1120 2795 1188 2828 τοῦ
1213 2803 1280 2827 om.
1306 2791 1402 2827 VRC
1473 2795 1514 2826 20
1540 2790 1756 2834 ἐξεκαίοντο

96 2844 244 2881 Eusebii
269 2848 371 2883 codd.
397 2848 539 2892 quidam
678 2853 716 2884 21
745 2848 806 2886 ἐπὶ
831 2847 897 2895 τὴν
922 2847 1034 2894 φύσιν
1057 2846 1203 2895 ἐχώρει]
1229 2847 1597 2893 LVRCEusebChrys
1622 2847 1757 2894 ἐχώρει

96 2899 157 2937 ἐπὶ
180 2901 248 2947 τὴν
271 2900 381 2948 φύσιν
403 2904 507 2939 ΡΑΜ
598 2903 631 2942 δ’
658 2906 758 2941 MLC
783 2906 1021 2950 EusebChrys

1793 1612 1874 1651 205
