2018 3236
116 282 197 322 222

118 1425 198 1465 228

117 1626 198 1665 229

225 167 305 203 542
638 160 703 195 DE
728 158 886 194 BELLO
911 156 1009 194 mn.
1034 156 1084 190 vl
1108 158 1284 190 221—229
1310 158 1356 197 (ιν
1385 161 1412 188 1.
1440 158 1471 198 3)

229 280 314 320 τῶν
346 278 489 319 λίθων
519 265 570 331 ἦν
603 270 807 326 ἀμείνων.
866 271 942 326 τῆς
973 269 1019 311 δὲ*
1048 271 1225 323 βορείου
1264 267 1406 324 πύλης
1444 263 1702 322 ὑπώρυττον
1742 267 1882 323 ἕτεροι

225 344 327 394 τοὺς
349 343 584 396 θεμελίους
605 341 678 381 καὶ
700 335 845 380 πολλὰ
868 334 1290 392 ταλαιπωρήσαντες
1311 333 1413 385 τοὺς
1435 334 1694 390 ἔμπροσθεν
1725 335 1883 385 λίθους

227 409 488 461 ἐξεκύλισαν.
550 403 773 460 ἀνείχοντο
807 400 848 446 δ1
883 401 971 446 ὑπὸ
1004 405 1090 446 τῶν
1122 402 1333 457 ἐνδοτέρω
1363 404 1437 445 καὶ
1469 402 1682 456 διέμεινεν
1704 399 1728 459 ἡ
1752 401 1881 459 πύλη,

225 480 349 531 μέχρι
389 475 468 525 τὰς
505 471 564 517 δι’
601 469 796 529 ὀργάνων
835 473 906 515 καὶ
947 473 1033 514 τιῖν
1072 471 1244 524 μοχλῶν
1284 468 1578 526 ἐπιχειρήσεις
1617 465 1883 524 ἀπογνόντες

231 545 442 598 κλίμακας
472 551 569 591 ταῖς
601 549 752 590 στοαῖς
782 554 1075 617 προσεφερον.
1128 538 1170 580 οἱ
1192 537 1237 579 δὲ
1255 533 1459 580 ἩΙοιδαῖοι
1489 538 1684 579 κωλῦσαι
1709 553 1788 590 μεν
1810 532 1885 579 οὐκ
1905 546 1922 576 5

227 612 457 669 ἔφθασαν,
499 606 688 663 ἀναβᾶσι
722 607 767 650 δὲ
800 605 1099 660 σιμπεσόντες
1138 604 1372 659 ἐμάχοντο,
1411 605 1483 646 καὶ
1520 602 1622 654 τοὺς
1659 621 1738 658 μεν
1770 600 1884 646 ἂνω-

226 682 411 728 θοῦιτες
453 694 514 728 εις
552 672 754 719 τουπίσω
794 672 1151 729 κατεκρήμνιζον,
1191 671 1292 722 τοὺς
1324 667 1365 713 δ
1401 668 1749 722 ὑπαντιάζοντας
1780 669 1884 727 ανῄ*

231 759 352 803 ροιν·
384 743 577 795 πολλους
601 744 646 785 δὲ
666 745 753 784 τῶν
779 740 999 795 κλιμάκιον
1031 737 1358 794 ἆτοβαίνοντας
1378 741 1485 794 πρὶν
1507 738 1770 795 φράξασθαι
1791 747 1885 789 τοῖς

225 819 405 871 θιρεοῖς
436 817 644 861 παίοντες
664 819 762 859 ταῖς
784 809 1028 865 ῥομφαίαις
1060 807 1274 864 ε’φθανον,
1307 805 1425 856 ενίας
1448 806 1494 849 δὲ
1514 805 1731 861 γεμοίσας
1753 803 1842 848 ὁπλ
1846 823 1884 848 ι-

227 885 313 925 τιῦν
343 883 556 936 κλίμακας
587 877 931 933 παρακλίνοντες
970 872 1147 917 ανωθεν
1184 877 1430 917 κατέσειον·
1472 871 1522 930 ἠν
1555 869 1595 914 δ
1632 869 1707 916 οὐκ
1738 868 1884 927 ὀλίγος

225 952 297 993 καὶ
339 944 481 991 αὐτῶν
522 946 670 1003 φόνος.
740 961 777 986 οι
823 943 869 986 δὲ
909 938 1208 997 ανενεγκόντες
1245 940 1325 991 τὰς
1365 944 1556 998 σημαίας
1595 941 1696 995 περὶ
1741 935 1884 982 αυτιῦν

228 1018 486 1071 ἐπολέμουν,
510 1013 654 1069 δεινὴν
676 1009 907 1068 ἡγούμενοι
927 1012 998 1053 καὶ
1021 1008 1134 1065 πρὸς
1158 1008 1360 1065 αἰσχύνης
1380 1008 1546 1051 τοίτων
1567 1006 1644 1065 τήν
1667 1004 1882 1064 ἁρπαγήν.

185 1086 196 1097 ³
227 1086 350 1134 τέλος
373 1084 419 1126 δὲ
441 1085 511 1126 καὶ
533 1084 619 1124 τῶν
643 1081 842 1137 σημαιῶν
865 1079 907 1121 οἱ
924 1074 1130 1121 Ἰοιδαῖοι
1159 1078 1393 1132 κρατοῦσιν
1419 1077 1491 1118 καὶ
1512 1092 1613 1126 τοις
1635 1071 1884 1129 ἀναβάντας

228 1153 594 1209 διαφθείρωσιν·
628 1148 669 1190 οἱ
703 1147 748 1189 δε
780 1148 932 1189 λοιποὶ
964 1143 1078 1200 πρὸς
1098 1143 1147 1186 τὸ
1171 1146 1256 1186 τῶν
1288 1139 1588 1186 απολωλότων
1619 1142 1774 1191 πάθος
1808 1137 1884 1196 ὅρ-

228 1220 468 1275 ρωδοιντες
500 1213 755 1270 ανεχώροῑν.
806 1216 891 1256 τῶν
912 1214 990 1267 μὲν
1014 1210 1088 1254 οὖν
1115 1209 1335 1266 Ῥωιιαίων
1362 1226 1587 1266 απρακτος
1609 1205 1751 1259 οἰδεὶς
1773 1204 1882 1251 ἆπέ-

227 1291 377 1339 θανεν,
410 1288 496 1329 τῶν
519 1285 565 1327 δὲ
588 1283 868 1326 στασιαστῶν
890 1283 932 1323 οἳ
952 1278 1062 1322 κατὰ
1086 1277 1165 1328 τὰς
1195 1281 1413 1334 προτέρας
1442 1278 1583 1332 μάχας
1613 1275 1884 1332 ἠγωνίσαντο

229 1357 438 1410 γενναίως
459 1353 531 1395 καὶ
552 1351 651 1394 τότε
672 1352 743 1393 καὶ
772 1345 1024 1401 Ἐλεάζαρος
1056 1342 1319 1402 αδελφιδοῦς
1339 1348 1417 1388 τοῦ
1438 1363 1487 1388 τι
1492 1362 1649 1400 ραιτοι
1672 1348 1883 1398 Σίμωνος.

231 1420 252 1465 5
287 1422 333 1464 δε
369 1425 500 1470 Τίτος
532 1416 590 1469 (ὃς
622 1417 736 1472 ἑώρα
767 1414 844 1471 τὴν
881 1414 956 1457 ἐπὶ
995 1422 1087 1463 τοῖς
1127 1409 1377 1467 ἀλλοτρίοις
1418 1413 1552 1468 ἱεροῖς
1592 1411 1731 1469 φειδιὺ
1771 1410 1885 1465 πρὸς

227 1488 391 1545 βλάβης
421 1495 514 1537 τοῖς
546 1484 839 1539 στρατιώταις
874 1484 1103 1538 γινομένην
1134 1482 1206 1523 καὶ
1238 1480 1398 1536 φόνοι,
1437 1496 1517 1530 τας
1547 1479 1691 1529 πίλας
1720 1481 1883 1533 προσέ-

228 1555 355 1605 ταξεν
385 1552 622 1610 ὑφάπτειν.

343 1625 379 1665 2.
407 1617 471 1664 Εν
504 1621 550 1662 δε
580 1619 720 1673 τοίτιι
753 1616 866 1673 πρὸς
898 1611 1029 1658 αὐτὸν
1062 1610 1380 1668 αυτομολοῦσιν
1402 1610 1587 1662 Ἄνανός
1617 1630 1664 1656 τε
1685 1610 1707 1656 5
1732 1609 1882 1669 ἆφαμ-

228 1705 380 1744 μαους,
411 1691 497 1730 τῶν
519 1690 718 1741 Σίμωνος
750 1683 1006 1740 δορῑφόρων
1037 1679 1057 1724 ἑ
1083 1680 1398 1738 φονικώτατος,
1429 1683 1502 1724 καὶ
1528 1676 1759 1735 Αρχέλαος
1788 1678 1882 1728 ιῖὸς

232 1754 557 1811 ῙΠαγαδδάτοι,
599 1747 849 1808 σε’γγιιόμην
880 1749 1140 1798 ελπίσαντες
1179 1746 1331 1805 ἐπειδη
1363 1747 1635 1802 κρατούντων
1661 1743 1881 1789 Ιοιδαίων

343 1942 880 1986 PAMLVRCLatHegesippus
903 1941 935 1975 V
960 1943 1002 1974 42
1027 1951 1061 1984 p.
1087 1941 1164 1972 359.
1201 1938 1359 1972 Zonaras
1376 1936 1391 1970 I
1409 1947 1442 1980 p.
1462 1939 1537 1970 539.

347 2006 362 2037 1
389 1997 548 2045 ἄμείνον
572 2000 599 2033 Ρ
625 1995 766 2043 α’μεινω
793 1997 821 2030 L
981 1989 1196 2041 ὓπόρυττον
1228 1993 1305 2027 PA¹
1443 1995 1461 2025 2
1487 1988 1717 2037 ἔμπροσθεν]
1743 1988 1883 2033 ἔξωθεν

229 2058 333 2092 L-Lat
427 2060 445 2091 3
470 2054 693 2101 ἐξεκῦλησαν
717 2053 793 2088 L¹C
885 2047 1057 2096 οἷνείχετο
1083 2048 1251 2084 MLVRC
1337 2049 1375 2085 δὲ
1399 2048 1465 2083 VR
1555 2046 1762 2093 ἐνδοτέρων
1786 2047 1815 2080 L

230 2114 394 2159 διέμενεν
419 2113 513 2148 VRC
538 2114 747 2146 manserunt
771 2109 841 2143 Lat
945 2105 973 2155 ’ἡ
999 2104 1106 2152 πύλη]
1132 2110 1268 2151 portae
1292 2105 1362 2139 Lat
1476 2107 1497 2138 4
1521 2101 1578 2140 διὰ
1604 2107 1680 2139 τῶν
1707 2099 1882 2150 ὀργάνων

231 2170 392 2206 ALVRC
487 2172 506 2203 5
529 2169 693 2212 κλίμακα
718 2165 750 2200 V
843 2167 862 2199 6
887 2157 1053 2210 α’ναβάσι
1079 2162 1180 2196 ΡΑΜ
1205 2157 1391 2207 α’ναβάσει
1415 2161 1445 2195 L
1548 2159 1644 2202 τοὺς]
1671 2155 1739 2196 οὓσ
1763 2160 1792 2193 L

231 2265 248 2294 ἵ
275 2261 313 2297 δὲ
337 2259 443 2295 MVR
539 2255 837 2300 ὑπαντιάζοντεσ
861 2253 891 2287 L
1009 2255 1026 2286 S
1052 2230 1338 2298 α’ποβαίνοντὲσ
1362 2250 1392 2284 L
1508 2249 1601 2285 τοὺσ
1623 2245 1787 2295 θυρεοὺσ
1811 2247 1839 2281 P

231 2320 249 2351 9
275 2315 469 2357 παίοντεσ,
495 2328 511 2351 ε
537 2324 579 2349 ex
606 2328 628 2349 α
654 2323 744 2347 corr.
772 2313 802 2345 A
921 2312 958 2343 10
985 2305 1057 2345 τὰσ
1081 2309 1270 2351 κλίμακασ
1294 2307 1322 2340 Ρ
1437 2306 1742 2348 παρακλίναντεσ
1766 2304 1795 2338 L

231 2373 269 2409 δὲ
293 2372 358 2407 VR
479 2374 513 2404 11
543 2366 677 2410 αὐτῶν]
702 2377 933 2403 romanorum
958 2365 1028 2399 Lat
1143 2360 1417 2409 α’νενέγκαντεσ
1440 2361 1566 2396 LVRC
1591 2361 1732 2405 (siquis)
1755 2359 1886 2394 ablatis

236 2429 306 2463 Lat
425 2430 461 2461 12
488 2423 596 2472 πρὸς]
622 2422 698 2472 πρὸ
724 2424 752 2458 Ρ
871 2425 911 2456 13
938 2422 1106 2467 σημαίων
1130 2419 1242 2454 ΡΑ“Β
1371 2414 1459 2459 τοὺς
1483 2413 1713 2462 ἀναβάντας]
1739 2427 1799 2451 eos
1823 2415 1886 2460 qni

231 2495 304 2518 τινα
337 2495 416 2518 cum
450 2483 505 2517 lais
537 2481 775 2517 ascenderant
806 2479 877 2513 Lat
1043 2479 1083 2510 14
1118 2472 1355 2521 ὀρωδοῦντεσ
1390 2474 1416 2508 C
1584 2476 1621 2506 15
1655 2468 1885 2517 α’νεχώρουν,

232 2589 254 2610 α
280 2583 323 2608 ex
348 2572 366 2608 ἐ
393 2582 483 2607 corr.
510 2573 541 2606 A
612 2565 678 2608 οὖν
703 2580 770 2605 om.
797 2569 836 2603 M
932 2569 971 2601 16
996 2564 1197 2610 προτέρας]
1222 2560 1382 2610 πρώτασ
1406 2563 1444 2597 Μ
1537 2566 1575 2598 17
1601 2541 1763 2609 γε’ναίωσ
1788 2562 1818 2596 V

232 2626 434 2675 α’ὁε2φιδὸσ
461 2628 488 2661 Ρ
514 2628 551 2664 δε
576 2622 798 2671 αδελφιδοῧσ
822 2624 859 2658 Μ
887 2619 906 2659 5
932 2618 1154 2665 ἀδελφιδοῖ-ο
1177 2620 1207 2653 L
1308 2633 1396 2666 τυρ·
1410 2617 1526 2656 άινου
1549 2620 1581 2653 A
1675 2623 1715 2654 19
1739 2615 1886 2665 βλάβην

233 2686 341 2720 PZon
434 2682 557 2729 φόνον
581 2683 608 2716 P
693 2685 728 2715 21
758 2682 781 2717 i
806 2689 917 2722 marg.
942 2675 1004 2723 κγ’
1031 2676 1057 2710 C
1127 2671 1292 2717 Ἀνανιας
1316 2676 1425 2710 uertit
1449 2676 1514 2720 Syr
1595 2671 1615 2711 5
1629 2670 1884 2739 ἀφαμμαούς]

234 2741 295 2775 ΡΑ
323 2737 343 2776 5
370 2735 440 2785 ἀφ’
467 2735 646 2783 αμμαοῦσ
661 2736 735 2771 MR
761 2732 780 2771 5
808 2731 860 2780 άφ
871 2730 1131 2778 ἀμμαοῦσῖῙ
1155 2733 1217 2766 καὶ
1243 2734 1502 2775 σαπαμμαοῦσ
1519 2727 1584 2764 L
1568 2745 1587 2766 o
1613 2725 1684 2766 απ7
1709 2740 1887 2774 αμμαουσ

235 2796 261 2831 O
286 2806 334 2831 ex
358 2806 466 2829 amau
483 2794 569 2836 Lat3
597 2802 724 2827 nomen
754 2790 866 2835 patris
890 2790 1000 2823 latere
1023 2791 1127 2831 putat
1151 2787 1321 2821 Destinon
1416 2789 1457 2820 22
1484 2789 1570 2827 τῶν]
1595 2789 1663 2822 τοῦ
1686 2786 1719 2820 V
1814 2783 1886 2820 υιοὶ

233 2853 359 2895 Niese3
387 2851 430 2885 cf.
451 2850 482 2884 V
500 2852 562 2884 531
627 2851 667 2882 23
686 2846 873 2892 maqadalz'
886 2845 956 2879 Lat
1024 2842 1255 2883 ελπίσαντες]
1283 2840 1496 2886 αἰτούμενοι
1514 2841 1543 2875 L
1558 2846 1743 2887 sperantes
1758 2839 1827 2874 Lat

233 2904 478 2955 κρατούντων
508 2908 541 2946 (ν
566 2904 670 2939 finale
696 2902 825 2947 suppl.)
849 2904 925 2937 τῶν
950 2900 1124 2937 ἰουδαίων
1148 2900 1179 2933 Α

1918 881 1952 913 10

1915 1217 1951 1249 15

1915 1554 1951 1586 20
