1987 3246
209 159 275 193 LII
940 155 1130 190 Praefatio.

210 286 312 314 rano
335 270 540 319 absunt¹).
592 268 747 310 deinde
778 281 921 310 omnes
953 269 995 309 in
1025 268 1214 322 plurimis
1246 273 1286 310 et
1316 268 1577 321 grauissimis
1609 272 1650 309 et
1680 267 1787 307 inter
1817 278 1862 307 se

211 344 252 381 et
283 352 375 380 cum
401 337 432 378 G
464 336 729 378 consentiunt
757 347 836 376 nec
866 335 1002 377 solum
1032 335 1204 388 Iosephi
1233 335 1364 377 uerba
1394 335 1542 377 eadem
1574 333 1756 385 tradunt,
1787 331 1862 374 sed

212 407 338 447 etiam
377 407 498 445 notas
537 402 793 454 marginales
808 402 851 452 2).
911 401 986 444 sed
1026 402 1069 443 in
1109 405 1223 443 tanto
1252 401 1402 443 horum
1434 402 1626 443 codicum
1658 411 1863 442 consensu

212 470 496 514 memorabilis
537 473 601 511 est
639 481 767 522 saepe
803 468 1040 521 dissensus,
1080 468 1152 521 qui
1181 472 1321 510 tamen
1353 469 1475 510 certis
1504 468 1657 509 finibus
1689 467 1863 508 circum-

212 539 390 591 scriptus
422 540 496 589 est,
529 536 744 588 multoque
775 535 956 577 minores
987 539 1082 577 sunt
1112 534 1235 577 huius
1265 535 1452 577 familiae
1481 535 1707 576 uarietates
1738 546 1864 586 quam

211 605 376 658 generis
397 604 485 657 VR,
518 602 571 644 de
593 615 675 656 quo
699 602 825 644 modo
857 601 1016 644 dictum
1046 606 1121 643 est.
1173 602 1255 643 iam
1286 602 1354 644 hic
1384 608 1425 645 et
1455 615 1679 645 consensus
1712 605 1753 642 et
1782 599 1863 641 dis·

211 685 357 714 sensus
379 670 490 712 unde
513 674 627 712 ortus
654 669 859 721 uideatur,
892 682 1020 722 supra
1051 670 1104 722 (p.
1127 668 1333 718 XXXIX)
1366 670 1602 722 expositum
1633 672 1706 711 est.
1758 666 1865 708 haec

212 740 322 781 enim
361 738 550 780 recensio
588 738 780 779 confecta
818 735 984 777 uidetur
1023 735 1170 777 codice
1209 736 1375 789 generis
1415 735 1635 778 deterioris
1668 735 1772 785 (VR)
1812 747 1866 775 ex

213 808 346 848 altero
364 808 551 847 correcto
567 804 781 857 uariisque
803 803 1054 845 lectionibus
1076 803 1326 845 coniecturis
1348 802 1707 855 interpolamentis
1728 805 1865 854 aucto,

213 886 390 926 quorum
430 885 522 914 cum
562 872 694 913 multa
731 871 773 912 in
804 871 994 922 margine
1024 870 1163 922 posita
1194 874 1351 923 essent,
1392 882 1467 922 pro
1498 869 1675 910 libidine
1706 868 1867 909 librarii

213 941 454 982 asciuerunt
471 938 584 992 quod
605 938 814 992 placebat.
855 950 932 978 nec
954 941 1101 990 postea
1123 937 1298 990 singulis
1322 936 1537 978 codicibus
1560 935 1673 977 docti
1695 934 1868 976 deerant

213 1011 490 1059 correctores,
533 1019 559 1047 a
603 1005 753 1058 quibus
800 1009 872 1046 aut
920 1004 994 1044 alii
1040 1004 1208 1046 codices
1254 1004 1411 1057 passim
1447 1004 1626 1057 inspecti
1665 1007 1760 1045 sunt
1798 1007 1869 1044 aut

212 1074 383 1115 aliunde
405 1076 667 1115 correcturae
693 1073 898 1123 inuectae,
930 1072 1046 1113 uelut
1077 1075 1121 1112 ut
1150 1084 1276 1112 unum
1308 1070 1582 1124 proferamus,
1614 1070 1656 1111 in
1677 1069 1868 1111 Parisino

219 1143 321 1181 1427
355 1154 522 1194 semper
552 1143 669 1181 extat
689 1141 935 1193 Σέμφωρις,
967 1152 1049 1179 non
1074 1139 1324 1192 Σέπφωρις,
1358 1142 1399 1179 et
1424 1131 1557 1191 Ἰόπη,
1588 1150 1670 1178 non
1696 1130 1867 1192 Ἰόππη,

217 1207 329 1261 quod
368 1221 393 1248 a
431 1207 605 1259 reliquis
645 1206 842 1260 traditur,
883 1207 991 1248 sicut
1039 1206 1125 1246 alia
1173 1217 1339 1257 quoque
1381 1205 1422 1245 in
1461 1203 1542 1246 hoc
1582 1204 1729 1246 codice
1768 1205 1869 1246 satis

213 1274 414 1316 audacter
452 1277 613 1314 mutata
651 1277 766 1325 sunt,
807 1274 922 1314 uelut
960 1287 1000 1326 p.
1033 1274 1098 1323 56,
1137 1275 1182 1312 17
1214 1285 1298 1313 non
1338 1271 1466 1313 habet
1503 1269 1754 1324 σατράπου,
1794 1271 1870 1313 sed

213 1340 437 1394 τυράννου,
461 1344 502 1382 et
531 1354 572 1394 p.
595 1341 690 1392 279,
717 1343 765 1380 14
788 1354 869 1382 non
893 1338 1142 1394 κατάφυτος
1164 1339 1238 1381 sed
1263 1337 1507 1391 κατάκομος
1538 1344 1579 1380 et
1609 1339 1649 1379 in
1680 1338 1870 1391 margine

215 1421 342 1450 manu
380 1408 517 1460 prima
551 1405 813 1462 κατάφυτος.
867 1408 1014 1448 mirum
1056 1407 1182 1459 igitur
1221 1420 1302 1447 non
1342 1410 1424 1459 est,
1471 1404 1583 1458 quod
1620 1405 1663 1446 hi
1703 1405 1870 1447 codices

214 1477 321 1517 inter
342 1488 386 1517 se
409 1487 538 1527 saepe
561 1473 813 1528 discrepant,
846 1474 889 1515 id
912 1473 1025 1526 quod
1048 1473 1253 1527 exemplis
1279 1472 1530 1525 quibusdam
1561 1486 1670 1514 nunc
1700 1472 1869 1514 demon-

215 1541 431 1584 strandum
478 1545 552 1583 est.
627 1541 836 1582 interdum
881 1541 1006 1594 igitur
1052 1541 1165 1583 solus
1210 1545 1254 1581 ut
1298 1539 1464 1580 uidetur
1508 1539 1723 1581 Parisinus
1765 1541 1870 1580 1427

216 1623 310 1651 cum
340 1609 415 1650 VR
455 1612 527 1649 aut
557 1608 668 1649 LVR
703 1607 828 1660 facit,
870 1608 997 1649 ceteri
1030 1621 1173 1649 omnes
1205 1621 1298 1649 cum
1330 1606 1464 1658 PAM,
1505 1606 1620 1647 uelut
1649 1620 1690 1660 p.
1722 1609 1786 1660 55,
1819 1609 1870 1648 25

217 1675 390 1717 exhibet
413 1673 665 1728 ἐπιτρέπων
687 1675 758 1715 καὶ
789 1672 1110 1726 ἐπιτροπεύειν,
1142 1688 1182 1728 p.
1207 1676 1273 1727 56,
1296 1676 1319 1714 (3
1351 1670 1607 1726 τετράρχαις
1637 1673 1870 1725 τολμῶσιν,

214 1757 257 1797 p.
288 1745 355 1795 59,
386 1746 435 1783 10
468 1742 608 1783 πλείω
639 1757 686 1795 γε
715 1739 800 1795 μὴν
833 1736 964 1789 αι’-τὸς
997 1737 1104 1795 ὑπὲρ
1137 1743 1355 1796 σωτηρίας
1386 1737 1675 1792 ὑπισχνεῖται,
1708 1754 1748 1794 p.
1777 1742 1872 1793 284,

222 1811 270 1850 12
301 1804 380 1850 κᾶν
412 1808 525 1849 τῶδε
555 1810 724 1862 aliaque
755 1809 890 1862 plura.
942 1822 1087 1851 uerum
1119 1808 1224 1850 haec
1254 1809 1360 1850 ratio
1391 1821 1474 1850 non
1505 1808 1661 1860 ubique
1692 1807 1872 1861 obtinet;

215 1891 312 1919 nam
342 1891 382 1930 p.
416 1877 510 1928 278,
544 1879 592 1916 17
625 1878 1035 1930 προσαγορευομένη
1069 1877 1199 1918 Paris.
1236 1877 1339 1916 1427
1372 1888 1465 1917 cum
1496 1875 1661 1927 PAML,
1694 1868 1872 1928 ἆγορευ-

217 1945 347 1997 ομένη
381 1943 411 1984 O
443 1942 686 1984 Medicaeus
718 1942 856 1983 Berol.
888 1942 992 1984 Red.
1027 1947 1068 1984 et
1098 1943 1229 1984 Paris.
1264 1943 1368 1982 1429
1400 1955 1493 1983 cum
1524 1942 1618 1995 VR3
1650 1955 1691 1995 p.
1723 1943 1817 1994 280,
1849 1945 1872 1982 4

218 2005 390 2064 ’ἐνεργός
413 2005 507 2050 ἐστι
538 2009 609 2049 καὶ
643 2006 820 2064 συνεχὴς
850 2002 927 2063 ὅλη
959 2007 1245 2063 καρποφόρος
1267 2009 1397 2050 Paris.
1425 2010 1529 2048 1427
1562 2022 1655 2049 cum
1677 2008 1722 2062 C,
1755 2003 1872 2061 ἔνερ-

216 2075 292 2131 γὸς
323 2071 400 2132 ὅλη
432 2077 505 2117 καὶ
537 2074 713 2131 συνεχής
744 2070 839 2116 ἐστι
871 2074 1156 2130 καρποφόρος
1180 2075 1311 2117 Paris.
1339 2076 1442 2115 1429
1464 2074 1573 2116 Med.
1598 2075 1735 2117 Berol.
1766 2075 1871 2117 Red.

219 2158 312 2187 cum
346 2144 596 2196 PAMLVR;
626 2157 666 2196 p.
690 2143 784 2196 280,
811 2145 858 2182 15
891 2141 1137 2183 σιλωνίτιόι
1167 2142 1311 2195 PAL‘2,
1344 2140 1545 2193 σιβωνίόι
1577 2142 1661 2195 VR,
1695 2144 1871 2194 σιβωνί-

635 2211 656 2243 λ

217 2254 307 2297 τιόι
328 2256 422 2297 Par.
447 2257 566 2308 1429,
590 2253 837 2306 σιβωνίτιόι
859 2255 953 2296 Par.
980 2256 1099 2306 1427,
1124 2252 1397 2306 σιλβωνίτιὸι
1419 2253 1451 2295 C
1473 2253 1582 2294 Med.
1607 2254 1743 2295 Berol.
1767 2253 1871 2295 Red-

217 2337 311 2365 cum
349 2323 470 2376 ML¹3
509 2336 549 2375 p.
581 2323 675 2375 387,
706 2325 729 2361 2
771 2320 833 2369 εἷς
871 2321 964 2362 Par.
1001 2322 1103 2361 1429
1144 2334 1236 2362 cum
1265 2320 1321 2372 L,
1362 2318 1476 2369 πρὸς
1515 2333 1659 2362 omnes
1697 2320 1871 2374 reliqui3

216 2403 257 2442 p.
291 2392 384 2440 387,
421 2393 469 2430 14
508 2387 854 2436 εἰσπεπαικότας
885 2388 977 2429 Par.
1012 2390 1117 2428 1429
1149 2401 1241 2430 oum
1273 2386 1471 2438 PALVR,
1513 2384 1873 2435 εἷσπεπτωκότας

218 2457 361 2498 CPar.
397 2459 501 2497 1427
533 2456 671 2497 Berol.
703 2455 853 2508 Redig.
887 2468 980 2497 cum
1011 2455 1065 2507 M,
1099 2451 1472 2501 εἰσπεπταικότας
1501 2454 1634 2504 Med.;
1667 2467 1706 2507 p.
1731 2455 1824 2505 385,
1847 2456 1871 2494 9

333 2559 361 2597 1)
384 2555 603 2598 reliquorum
621 2553 782 2588 codicum
798 2553 916 2588 nullus
934 2553 1043 2587 habet
1059 2554 1264 2596 argumenta
1282 2551 1428 2595 singulis
1449 2551 1547 2586 libris
1572 2551 1749 2595 praefixa3
1775 2552 1870 2596 capi-

216 2610 372 2643 tulorum
397 2610 533 2643 numeri
557 2611 680 2644 extant
703 2609 739 2642 in
763 2609 797 2643 V
821 2610 856 2642 et
879 2608 1076 2651 fragmento
1103 2606 1320 2642 Coisliniano
1345 2611 1380 2642 et
1404 2608 1439 2641 in
1464 2607 1765 2650 Rostgaardiano,
1796 2607 1873 2641 sine

217 2665 324 2699 dubio
350 2675 393 2698 ex
415 2665 524 2699 tertia
547 2664 682 2698 familia
707 2664 915 2708 deprompti.
1009 2666 1041 2705 2)
1065 2664 1164 2698 uelut
1188 2664 1231 2697 ad
1254 2663 1303 2697 IV
1323 2667 1383 2698 361
1411 2673 1518 2697 manu
1541 2662 1654 2706 prima
1677 2662 1873 2705 ascriptum

216 2721 388 2755 habemus
426 2717 469 2756 οὐ
506 2720 562 2756 διὰ
600 2721 745 2765 νίγερα·
786 2715 878 2755 ἀλλὰ
910 2715 966 2755 διὰ
998 2717 1064 2764 τὴν
1092 2721 1384 2765 χριστοκτονίαν
1417 2722 1534 2754 ταῦτα
1567 2715 1806 2754 πεπόνθασιν
1836 2719 1871 2752 in

217 2775 391 2809 Vrbinate
408 2775 460 2817 (G)
484 2775 705 2810 Berolinensi
729 2775 967 2818 Redigerano;
992 2775 1086 2809 idem
1111 2775 1156 2809 ad
1179 2775 1229 2809 IV
1249 2778 1310 2810 361
1339 2775 1511 2809 adnotant
1535 2787 1579 2820 ση
1604 2776 1689 2809 πῶσ
1713 2786 1800 2819 φησι
1826 2771 1870 2809 τὸ

218 2829 258 2872 ἐξ
272 2829 485 2876 ἐπιστήμης.
526 2832 763 2866 Berolinensis
782 2834 899 2865 antem
917 2833 951 2864 et
969 2831 1209 2874 Redigeranus
1228 2842 1271 2865 ex
1289 2831 1314 2865 O
1331 2831 1433 2875 petiti
1450 2841 1519 2865 non
1538 2831 1636 2873 sunt;
1661 2829 1749 2864 haec
1766 2829 1872 2873 igitur

218 2886 264 2920 ad
290 2896 508 2921 communem
533 2892 714 2922 auctorem
739 2888 899 2922 redeunt.
