<?xml version="1.0" encoding="UTF-8"?>
<!DOCTYPE html PUBLIC "-//W3C//DTD XHTML 1.0 Transitional//EN"
    "http://www.w3.org/TR/xhtml1/DTD/xhtml1-transitional.dtd">
<html xmlns="http://www.w3.org/1999/xhtml" xml:lang="en" lang="en">
 <head>
  <title>
</title>
<meta http-equiv="Content-Type" content="text/html;charset=utf-8" />
  <meta name='ocr-system' content='tesseract 3.04.00' />
  <meta name='ocr-capabilities' content='ocr_page ocr_carea ocr_par ocr_line ocrx_word'/>
</head>
<body>
  <div class='ocr_page' id='page_1' title='image "./operajosephus06joseuoft/operajosephus06joseuoft_0486.png"; bbox 0 0 2018 3236; ppageno 0'>
   <div class='ocr_carea' id='block_1_1' title="bbox 247 142 1502 186">
    <p class='ocr_par' dir='ltr' id='par_1_1' title="bbox 247 142 1502 186">
     <span class='ocr_line' id='line_1_1' title="bbox 247 142 1502 186; baseline -0.006 -3"><span class='ocrx_word' id='word_1_1' title='bbox 247 147 327 183; x_wconf 83' lang='lat'><em>406</em></span> <span class='ocrx_word' id='word_1_2' title='bbox 635 144 700 177; x_wconf 85' lang='lat' dir='ltr'><em>DE</em></span> <span class='ocrx_word' id='word_1_3' title='bbox 725 142 884 177; x_wconf 88' lang='lat' dir='ltr'>BELLO</span> <span class='ocrx_word' id='word_1_4' title='bbox 908 142 1005 178; x_wconf 91' lang='lat' dir='ltr'>IUD.</span> <span class='ocrx_word' id='word_1_5' title='bbox 1030 142 1080 175; x_wconf 91' lang='lat' dir='ltr'><em>IV</em></span> <span class='ocrx_word' id='word_1_6' title='bbox 1105 144 1281 177; x_wconf 74' lang='lat'><em>449—456</em></span> <span class='ocrx_word' id='word_1_7' title='bbox 1305 144 1390 185; x_wconf 82' lang='lat' dir='ltr'><em>(Vm</em></span> <span class='ocrx_word' id='word_1_8' title='bbox 1418 149 1444 174; x_wconf 88' lang='lat'><em>1.</em></span> <span class='ocrx_word' id='word_1_9' title='bbox 1472 146 1502 186; x_wconf 80' lang='lat'><em>2)</em></span> 
     </span>
    </p>
   </div>
   <div class='ocr_carea' id='block_1_2' title="bbox 129 253 1967 1661">
    <p class='ocr_par' dir='ltr' id='par_1_2' title="bbox 129 253 1967 1661">
     <span class='ocr_line' id='line_1_2' title="bbox 245 253 1896 312; baseline -0.001 -12"><span class='ocrx_word' id='word_1_10' title='bbox 245 256 332 300; x_wconf 73' lang='grc' dir='ltr'><em>ὑπὸ</em></span> <span class='ocrx_word' id='word_1_11' title='bbox 374 259 458 299; x_wconf 80' lang='grc' dir='ltr'><em>τῶν</em></span> <span class='ocrx_word' id='word_1_12' title='bbox 497 255 763 309; x_wconf 70' lang='grc' dir='ltr'><em>ἐπιχωρίων,</em></span> <span class='ocrx_word' id='word_1_13' title='bbox 803 253 997 309; x_wconf 82' lang='grc' dir='ltr'><em>καταβὰς</em></span> <span class='ocrx_word' id='word_1_14' title='bbox 1037 254 1098 305; x_wconf 84' lang='grc' dir='ltr'><em>εἷς</em></span> <span class='ocrx_word' id='word_1_15' title='bbox 1129 258 1299 310; x_wconf 80' lang='grc' dir='ltr'><em>Κορέαν</em></span> <span class='ocrx_word' id='word_1_16' title='bbox 1331 255 1510 312; x_wconf 70' lang='grc' dir='ltr'><em>δευτέρᾳ</em></span> <span class='ocrx_word' id='word_1_17' title='bbox 1539 258 1731 298; x_wconf 82' lang='grc' dir='ltr'><em>Δαισίου</em></span> <span class='ocrx_word' id='word_1_18' title='bbox 1762 255 1896 312; x_wconf 85' lang='grc' dir='ltr'><em>μηνὸς</em></span> 
     </span>
     <span class='ocr_line' id='line_1_3' title="bbox 133 318 1896 380; baseline -0.003 -11"><span class='ocrx_word' id='word_1_19' title='bbox 133 329 213 369; x_wconf 90' lang='grc'><em>450</em></span> <span class='ocrx_word' id='word_1_20' title='bbox 246 323 651 380; x_wconf 68' lang='grc' dir='ltr'><em>στρατοπεδεύεται.</em></span> <span class='ocrx_word' id='word_1_21' title='bbox 714 325 763 378; x_wconf 73' lang='grc' dir='ltr'><em>τῇ</em></span> <span class='ocrx_word' id='word_1_22' title='bbox 805 318 844 363; x_wconf 69' lang='grc' dir='ltr'><em>δ’</em></span> <span class='ocrx_word' id='word_1_23' title='bbox 889 322 987 379; x_wconf 76' lang='grc' dir='ltr'><em>ἑξῆς</em></span> <span class='ocrx_word' id='word_1_24' title='bbox 1018 321 1080 372; x_wconf 83' lang='grc' dir='ltr'><em>εἰς</em></span> <span class='ocrx_word' id='word_1_25' title='bbox 1105 319 1363 376; x_wconf 81' lang='grc' dir='ltr'><em>Ἱεριχοῦντα</em></span> <span class='ocrx_word' id='word_1_26' title='bbox 1394 318 1664 378; x_wconf 73' lang='grc' dir='ltr'><em>ἀφικνεῖται,</em></span> <span class='ocrx_word' id='word_1_27' title='bbox 1703 318 1810 364; x_wconf 66' lang='grc' dir='ltr'><em>καθ’</em></span> <span class='ocrx_word' id='word_1_28' title='bbox 1845 321 1896 378; x_wconf 80' lang='grc' dir='ltr'><em>ἣν</em></span> 
     </span>
     <span class='ocr_line' id='line_1_4' title="bbox 247 387 1897 448; baseline -0.002 -14"><span class='ocrx_word' id='word_1_29' title='bbox 247 389 363 446; x_wconf 67' lang='grc' dir='ltr'><em>αι’-τῷ</em></span> <span class='ocrx_word' id='word_1_30' title='bbox 404 394 633 444; x_wconf 82' lang='grc' dir='ltr'><em>συμμίσγει</em></span> <span class='ocrx_word' id='word_1_31' title='bbox 671 388 890 445; x_wconf 83' lang='grc' dir='ltr'><em>Τραϊανὸς</em></span> <span class='ocrx_word' id='word_1_32' title='bbox 929 388 992 439; x_wconf 81' lang='grc' dir='ltr'><em>εἷς</em></span> <span class='ocrx_word' id='word_1_33' title='bbox 1029 391 1114 431; x_wconf 80' lang='grc' dir='ltr'><em>τῶν</em></span> <span class='ocrx_word' id='word_1_34' title='bbox 1153 387 1374 445; x_wconf 69' lang='grc' dir='ltr'><em>ἡγεμόνων</em></span> <span class='ocrx_word' id='word_1_35' title='bbox 1413 390 1489 448; x_wconf 80' lang='grc' dir='ltr'><em>τὴν</em></span> <span class='ocrx_word' id='word_1_36' title='bbox 1521 390 1564 432; x_wconf 74' lang='grc' dir='ltr'><em>ἐκ</em></span> <span class='ocrx_word' id='word_1_37' title='bbox 1593 392 1669 446; x_wconf 69' lang='grc' dir='ltr'><em>τῆς</em></span> <span class='ocrx_word' id='word_1_38' title='bbox 1699 393 1897 443; x_wconf 79' lang='grc' dir='ltr'><em>Περαίας</em></span> 
     </span>
     <span class='ocr_line' id='line_1_5' title="bbox 244 452 1661 515; baseline 0 -15"><span class='ocrx_word' id='word_1_39' title='bbox 244 455 360 514; x_wconf 74' lang='grc' dir='ltr'><em>ἄγων</em></span> <span class='ocrx_word' id='word_1_40' title='bbox 392 457 576 510; x_wconf 80' lang='grc' dir='ltr'><em>δύναμιν</em></span> <span class='ocrx_word' id='word_1_41' title='bbox 606 453 685 515; x_wconf 69' lang='grc' dir='ltr'><em>ἤδη</em></span> <span class='ocrx_word' id='word_1_42' title='bbox 719 459 804 499; x_wconf 81' lang='grc' dir='ltr'><em>τῶν</em></span> <span class='ocrx_word' id='word_1_43' title='bbox 835 454 947 511; x_wconf 72' lang='grc' dir='ltr'><em>ὑπὲρ</em></span> <span class='ocrx_word' id='word_1_44' title='bbox 978 456 1053 499; x_wconf 83' lang='grc' dir='ltr'><em>τὸν</em></span> <span class='ocrx_word' id='word_1_45' title='bbox 1078 452 1297 515; x_wconf 76' lang='grc' dir='ltr'><em>Ἰορδάνην</em></span> <span class='ocrx_word' id='word_1_46' title='bbox 1327 461 1661 514; x_wconf 81' lang='grc' dir='ltr'><em>κεχειρωμένων.</em></span> 
     </span>
     <span class='ocr_line' id='line_1_6' title="bbox 133 515 1947 581; baseline -0.001 -13"><span class='ocrx_word' id='word_1_47' title='bbox 133 530 210 568; x_wconf 90' lang='grc'><em>451</em></span> <span class='ocrx_word' id='word_1_48' title='bbox 361 528 399 567; x_wconf 82' lang='grc'><em>2.</em></span> <span class='ocrx_word' id='word_1_49' title='bbox 430 523 489 567; x_wconf 85' lang='grc' dir='ltr'><em>Τὸ</em></span> <span class='ocrx_word' id='word_1_50' title='bbox 513 524 592 578; x_wconf 80' lang='grc' dir='ltr'><em>μὲν</em></span> <span class='ocrx_word' id='word_1_51' title='bbox 615 515 689 567; x_wconf 68' lang='grc' dir='ltr'><em>οὖν</em></span> <span class='ocrx_word' id='word_1_52' title='bbox 710 523 824 567; x_wconf 74' lang='grc' dir='ltr'><em>πολὺ</em></span> <span class='ocrx_word' id='word_1_53' title='bbox 856 525 1035 581; x_wconf 77' lang='grc' dir='ltr'><em>πλῆθος</em></span> <span class='ocrx_word' id='word_1_54' title='bbox 1066 524 1110 567; x_wconf 73' lang='grc' dir='ltr'><em>ἐκ</em></span> <span class='ocrx_word' id='word_1_55' title='bbox 1139 527 1215 581; x_wconf 75' lang='grc' dir='ltr'><em>τῆς</em></span> <span class='ocrx_word' id='word_1_56' title='bbox 1241 522 1439 580; x_wconf 77' lang='grc' dir='ltr'><em>Ἱεριχοῦς</em></span> <span class='ocrx_word' id='word_1_57' title='bbox 1470 524 1656 581; x_wconf 77' lang='grc' dir='ltr'><em>φθάσαν</em></span> <span class='ocrx_word' id='word_1_58' title='bbox 1685 525 1762 580; x_wconf 78' lang='grc' dir='ltr'><em>τὴν</em></span> <span class='ocrx_word' id='word_1_59' title='bbox 1793 524 1898 581; x_wconf 71' lang='grc' dir='ltr'><em>ἔφο-</em></span> <span class='ocrx_word' id='word_1_60' title='bbox 1928 533 1947 565; x_wconf 86' lang='grc'>5</span> 
     </span>
     <span class='ocr_line' id='line_1_7' title="bbox 242 587 1898 650; baseline -0.001 -16"><span class='ocrx_word' id='word_1_61' title='bbox 242 592 317 634; x_wconf 87' lang='grc' dir='ltr'><em>δον</em></span> <span class='ocrx_word' id='word_1_62' title='bbox 340 587 482 634; x_wconf 69' lang='grc' dir='ltr'><em>αὐτῶν</em></span> <span class='ocrx_word' id='word_1_63' title='bbox 504 592 567 643; x_wconf 81' lang='grc' dir='ltr'><em>εἷς</em></span> <span class='ocrx_word' id='word_1_64' title='bbox 587 592 665 650; x_wconf 89' lang='grc' dir='ltr'><em>τὴν</em></span> <span class='ocrx_word' id='word_1_65' title='bbox 688 590 886 647; x_wconf 74' lang='grc' dir='ltr'><em>ἄντικρυς</em></span> <span class='ocrx_word' id='word_1_66' title='bbox 903 590 1211 646; x_wconf 77' lang='grc' dir='ltr'><em>Ἱεροσολύμων</em></span> <span class='ocrx_word' id='word_1_67' title='bbox 1232 588 1403 650; x_wconf 74' lang='grc' dir='ltr'><em>ὀρεινὴν</em></span> <span class='ocrx_word' id='word_1_68' title='bbox 1435 588 1734 649; x_wconf 81' lang='grc' dir='ltr'><em>διαπεφεύγει,</em></span> <span class='ocrx_word' id='word_1_69' title='bbox 1765 608 1898 634; x_wconf 88' lang='grc' dir='ltr'><em>κατα-</em></span> 
     </span>
     <span class='ocr_line' id='line_1_8' title="bbox 130 656 1899 717; baseline -0.001 -15"><span class='ocrx_word' id='word_1_70' title='bbox 130 664 211 702; x_wconf 81' lang='lat'><em>452</em></span> <span class='ocrx_word' id='word_1_71' title='bbox 243 659 430 716; x_wconf 75' lang='grc' dir='ltr'><em>λειφθὲν</em></span> <span class='ocrx_word' id='word_1_72' title='bbox 470 659 516 702; x_wconf 80' lang='grc' dir='ltr'><em>δὲ</em></span> <span class='ocrx_word' id='word_1_73' title='bbox 556 656 631 703; x_wconf 69' lang='grc' dir='ltr'><em>οὐκ</em></span> <span class='ocrx_word' id='word_1_74' title='bbox 661 657 808 716; x_wconf 79' lang='grc' dir='ltr'><em>ὀλίγον</em></span> <span class='ocrx_word' id='word_1_75' title='bbox 839 660 1168 716; x_wconf 87' lang='grc' dir='ltr'><em>διαφθείρεται.</em></span> <span class='ocrx_word' id='word_1_76' title='bbox 1218 658 1295 716; x_wconf 76' lang='grc' dir='ltr'><em>τὴν</em></span> <span class='ocrx_word' id='word_1_77' title='bbox 1326 660 1372 702; x_wconf 83' lang='grc' dir='ltr'><em>δὲ</em></span> <span class='ocrx_word' id='word_1_78' title='bbox 1402 660 1535 703; x_wconf 84' lang='grc' dir='ltr'><em>πόλιν</em></span> <span class='ocrx_word' id='word_1_79' title='bbox 1565 659 1724 717; x_wconf 73' lang='grc' dir='ltr'><em>ἔρημον</em></span> <span class='ocrx_word' id='word_1_80' title='bbox 1754 675 1899 701; x_wconf 85' lang='grc' dir='ltr'><em>κατει-</em></span> 
     </span>
     <span class='ocr_line' id='line_1_9' title="bbox 243 722 1899 783; baseline 0 -15"><span class='ocrx_word' id='word_1_81' title='bbox 243 726 462 783; x_wconf 64' lang='grc' dir='ltr'><em>λήφεσαν,</em></span> <span class='ocrx_word' id='word_1_82' title='bbox 502 722 598 782; x_wconf 71' lang='grc' dir='ltr'><em>ἥτις</em></span> <span class='ocrx_word' id='word_1_83' title='bbox 636 728 810 781; x_wconf 77' lang='grc' dir='ltr'><em>ἵδρυται</em></span> <span class='ocrx_word' id='word_1_84' title='bbox 847 727 925 781; x_wconf 75' lang='grc' dir='ltr'><em>μὲν</em></span> <span class='ocrx_word' id='word_1_85' title='bbox 966 726 1009 769; x_wconf 74' lang='grc' dir='ltr'><em>ἓν</em></span> <span class='ocrx_word' id='word_1_86' title='bbox 1049 727 1212 782; x_wconf 77' lang='grc' dir='ltr'><em>πεδίῳ,</em></span> <span class='ocrx_word' id='word_1_87' title='bbox 1254 727 1388 781; x_wconf 77' lang='grc' dir='ltr'><em>ψιλὸν</em></span> <span class='ocrx_word' id='word_1_88' title='bbox 1430 727 1476 770; x_wconf 76' lang='grc' dir='ltr'><em>δὲ</em></span> <span class='ocrx_word' id='word_1_89' title='bbox 1506 725 1759 782; x_wconf 61' lang='grc' dir='ltr'><em>ὑπέρκειται</em></span> <span class='ocrx_word' id='word_1_90' title='bbox 1791 722 1899 782; x_wconf 63' lang='grc' dir='ltr'><em>αὐτῇ</em></span> 
     </span>
     <span class='ocr_line' id='line_1_10' title="bbox 130 791 1898 852; baseline -0.001 -16"><span class='ocrx_word' id='word_1_91' title='bbox 130 798 211 837; x_wconf 86' lang='grc'><em>453</em></span> <span class='ocrx_word' id='word_1_92' title='bbox 242 797 313 837; x_wconf 81' lang='grc' dir='ltr'><em>καὶ</em></span> <span class='ocrx_word' id='word_1_93' title='bbox 348 791 546 850; x_wconf 66' lang='grc' dir='ltr'><em>ἄκαρπον</em></span> <span class='ocrx_word' id='word_1_94' title='bbox 579 793 681 849; x_wconf 75' lang='grc' dir='ltr'><em>ὄρος</em></span> <span class='ocrx_word' id='word_1_95' title='bbox 709 791 941 852; x_wconf 82' lang='grc' dir='ltr'><em>μήκιστον·</em></span> <span class='ocrx_word' id='word_1_96' title='bbox 971 793 1080 836; x_wconf 80' lang='grc' dir='ltr'><em>κατὰ</em></span> <span class='ocrx_word' id='word_1_97' title='bbox 1110 793 1192 849; x_wconf 81' lang='grc' dir='ltr'><em>γὰρ</em></span> <span class='ocrx_word' id='word_1_98' title='bbox 1223 794 1271 837; x_wconf 81' lang='grc' dir='ltr'><em>τὸ</em></span> <span class='ocrx_word' id='word_1_99' title='bbox 1303 794 1478 849; x_wconf 85' lang='grc' dir='ltr'><em>βόρειον</em></span> <span class='ocrx_word' id='word_1_100' title='bbox 1507 796 1639 848; x_wconf 85' lang='grc' dir='ltr'><em>κλίμα</em></span> <span class='ocrx_word' id='word_1_101' title='bbox 1669 797 1793 848; x_wconf 87' lang='grc' dir='ltr'><em>μέχρι</em></span> <span class='ocrx_word' id='word_1_102' title='bbox 1823 795 1898 850; x_wconf 72' lang='grc' dir='ltr'><em>τῆς</em></span> 
     </span>
     <span class='ocr_line' id='line_1_11' title="bbox 241 861 1967 920; baseline -0.002 -16"><span class='ocrx_word' id='word_1_103' title='bbox 241 864 590 906; x_wconf 73' lang='grc' dir='ltr'><em>Σκυθοπολιτῶν</em></span> <span class='ocrx_word' id='word_1_104' title='bbox 627 864 704 920; x_wconf 68' lang='grc' dir='ltr'><em>γῆς</em></span> <span class='ocrx_word' id='word_1_105' title='bbox 742 862 998 913; x_wconf 74' lang='grc' dir='ltr'><em>ἐκτείνεται,</em></span> <span class='ocrx_word' id='word_1_106' title='bbox 1037 862 1147 903; x_wconf 78' lang='grc' dir='ltr'><em>κατὰ</em></span> <span class='ocrx_word' id='word_1_107' title='bbox 1188 862 1234 904; x_wconf 79' lang='grc' dir='ltr'><em>δὲ</em></span> <span class='ocrx_word' id='word_1_108' title='bbox 1264 861 1312 905; x_wconf 78' lang='grc' dir='ltr'><em>τὸ</em></span> <span class='ocrx_word' id='word_1_109' title='bbox 1345 861 1641 919; x_wconf 80' lang='grc' dir='ltr'><em>μεσημβρινὸν</em></span> <span class='ocrx_word' id='word_1_110' title='bbox 1670 864 1795 915; x_wconf 86' lang='grc' dir='ltr'><em>μέχρι</em></span> <span class='ocrx_word' id='word_1_111' title='bbox 1824 862 1901 916; x_wconf 87' lang='grc' dir='ltr'><em>τῆς</em></span> <span class='ocrx_word' id='word_1_112' title='bbox 1931 868 1967 902; x_wconf 88' lang='grc'><em>10</em></span> 
     </span>
     <span class='ocr_line' id='line_1_12' title="bbox 241 926 1899 986; baseline -0.001 -15"><span class='ocrx_word' id='word_1_113' title='bbox 241 930 498 984; x_wconf 77' lang='grc' dir='ltr'><em>Σοδομιτῶν</em></span> <span class='ocrx_word' id='word_1_114' title='bbox 532 929 679 985; x_wconf 84' lang='grc' dir='ltr'><em>χώρας</em></span> <span class='ocrx_word' id='word_1_115' title='bbox 714 931 786 973; x_wconf 80' lang='grc' dir='ltr'><em>καὶ</em></span> <span class='ocrx_word' id='word_1_116' title='bbox 823 932 910 972; x_wconf 75' lang='grc' dir='ltr'><em>τῶν</em></span> <span class='ocrx_word' id='word_1_117' title='bbox 950 929 1152 982; x_wconf 80' lang='grc' dir='ltr'><em>περάτων</em></span> <span class='ocrx_word' id='word_1_118' title='bbox 1191 932 1267 986; x_wconf 75' lang='grc' dir='ltr'><em>τῆς</em></span> <span class='ocrx_word' id='word_1_119' title='bbox 1291 926 1646 986; x_wconf 54' lang='grc' dir='ltr'><em>Ξίσφαλτίτιδος.</em></span> <span class='ocrx_word' id='word_1_120' title='bbox 1704 928 1821 971; x_wconf 68' lang='grc' dir='ltr'><em>ἔστιν</em></span> <span class='ocrx_word' id='word_1_121' title='bbox 1853 927 1899 970; x_wconf 80' lang='grc' dir='ltr'><em>δὲ</em></span> 
     </span>
     <span class='ocr_line' id='line_1_13' title="bbox 132 992 1899 1054; baseline -0.001 -15"><span class='ocrx_word' id='word_1_122' title='bbox 132 1001 212 1039; x_wconf 76' lang='grc'><em>454</em></span> <span class='ocrx_word' id='word_1_123' title='bbox 245 993 477 1052; x_wconf 71' lang='grc' dir='ltr'><em>ἀνώμαλόν</em></span> <span class='ocrx_word' id='word_1_124' title='bbox 518 1014 566 1040; x_wconf 82' lang='grc' dir='ltr'><em>τε</em></span> <span class='ocrx_word' id='word_1_125' title='bbox 607 999 696 1040; x_wconf 82' lang='grc' dir='ltr'><em>πᾶν</em></span> <span class='ocrx_word' id='word_1_126' title='bbox 737 999 809 1040; x_wconf 82' lang='grc' dir='ltr'><em>καὶ</em></span> <span class='ocrx_word' id='word_1_127' title='bbox 850 993 1053 1054; x_wconf 73' lang='grc' dir='ltr'><em>ἀοίκητον</em></span> <span class='ocrx_word' id='word_1_128' title='bbox 1092 996 1164 1039; x_wconf 83' lang='grc' dir='ltr'><em>διὰ</em></span> <span class='ocrx_word' id='word_1_129' title='bbox 1205 996 1282 1054; x_wconf 77' lang='grc' dir='ltr'><em>τὴν</em></span> <span class='ocrx_word' id='word_1_130' title='bbox 1323 992 1513 1052; x_wconf 81' lang='grc' dir='ltr'><em>άγονίαν.</em></span> <span class='ocrx_word' id='word_1_131' title='bbox 1573 993 1813 1039; x_wconf 72' lang='grc' dir='ltr'><em>ἀντίκειται</em></span> <span class='ocrx_word' id='word_1_132' title='bbox 1853 995 1899 1038; x_wconf 77' lang='grc' dir='ltr'><em>δὲ</em></span> 
     </span>
     <span class='ocr_line' id='line_1_14' title="bbox 240 1060 1899 1122; baseline -0.002 -14"><span class='ocrx_word' id='word_1_133' title='bbox 240 1065 381 1121; x_wconf 76' lang='grc' dir='ltr'><em>τούτῳ</em></span> <span class='ocrx_word' id='word_1_134' title='bbox 403 1065 451 1108; x_wconf 86' lang='grc' dir='ltr'><em>τὸ</em></span> <span class='ocrx_word' id='word_1_135' title='bbox 477 1066 580 1121; x_wconf 84' lang='grc' dir='ltr'><em>περὶ</em></span> <span class='ocrx_word' id='word_1_136' title='bbox 602 1064 677 1107; x_wconf 82' lang='grc' dir='ltr'><em>τὸν</em></span> <span class='ocrx_word' id='word_1_137' title='bbox 693 1061 912 1122; x_wconf 80' lang='grc' dir='ltr'><em>Ἰορδάνην</em></span> <span class='ocrx_word' id='word_1_138' title='bbox 934 1062 1036 1120; x_wconf 72' lang='grc' dir='ltr'><em>ὅρος</em></span> <span class='ocrx_word' id='word_1_139' title='bbox 1066 1060 1303 1119; x_wconf 70' lang='grc' dir='ltr'><em>ἀρχόμενον</em></span> <span class='ocrx_word' id='word_1_140' title='bbox 1336 1061 1424 1107; x_wconf 72' lang='grc' dir='ltr'><em>ἀπὸ</em></span> <span class='ocrx_word' id='word_1_141' title='bbox 1444 1062 1682 1114; x_wconf 76' lang='grc' dir='ltr'><em>Ἰουλιάδος</em></span> <span class='ocrx_word' id='word_1_142' title='bbox 1711 1064 1782 1105; x_wconf 82' lang='grc' dir='ltr'><em>καὶ</em></span> <span class='ocrx_word' id='word_1_143' title='bbox 1813 1064 1899 1104; x_wconf 82' lang='grc' dir='ltr'><em>τῶν</em></span> 
     </span>
     <span class='ocr_line' id='line_1_15' title="bbox 239 1130 1896 1188; baseline -0.001 -14"><span class='ocrx_word' id='word_1_144' title='bbox 239 1137 426 1188; x_wconf 79' lang='grc' dir='ltr'><em>βορείων</em></span> <span class='ocrx_word' id='word_1_145' title='bbox 466 1132 709 1187; x_wconf 80' lang='grc' dir='ltr'><em>κλιμάτων,</em></span> <span class='ocrx_word' id='word_1_146' title='bbox 751 1141 1019 1187; x_wconf 84' lang='grc' dir='ltr'><em>παρατεῖνον</em></span> <span class='ocrx_word' id='word_1_147' title='bbox 1059 1132 1104 1174; x_wconf 78' lang='grc' dir='ltr'><em>δὲ·</em></span> <span class='ocrx_word' id='word_1_148' title='bbox 1144 1131 1206 1182; x_wconf 83' lang='grc' dir='ltr'><em>εἷς</em></span> <span class='ocrx_word' id='word_1_149' title='bbox 1243 1136 1517 1188; x_wconf 70' lang='grc' dir='ltr'><em>μεσημβρίαν</em></span> <span class='ocrx_word' id='word_1_150' title='bbox 1557 1132 1638 1182; x_wconf 67' lang='grc' dir='ltr'><em>ἕως</em></span> <span class='ocrx_word' id='word_1_151' title='bbox 1674 1130 1896 1185; x_wconf 87' lang='grc' dir='ltr'><em>Σομόρων,</em></span> 
     </span>
     <span class='ocr_line' id='line_1_16' title="bbox 239 1195 1965 1258; baseline -0.003 -16"><span class='ocrx_word' id='word_1_152' title='bbox 239 1196 352 1258; x_wconf 68' lang='grc' dir='ltr'><em>ἥπερ</em></span> <span class='ocrx_word' id='word_1_153' title='bbox 392 1199 527 1256; x_wconf 75' lang='grc' dir='ltr'><em>ὁρίζει</em></span> <span class='ocrx_word' id='word_1_154' title='bbox 566 1199 644 1256; x_wconf 77' lang='grc' dir='ltr'><em>τὴν</em></span> <span class='ocrx_word' id='word_1_155' title='bbox 674 1203 850 1255; x_wconf 81' lang='grc' dir='ltr'><em>Πέτραν</em></span> <span class='ocrx_word' id='word_1_156' title='bbox 888 1201 963 1257; x_wconf 84' lang='grc' dir='ltr'><em>τῆς</em></span> <span class='ocrx_word' id='word_1_157' title='bbox 989 1195 1211 1255; x_wconf 80' lang='grc' dir='ltr'><em>Ἀραβίας.</em></span> <span class='ocrx_word' id='word_1_158' title='bbox 1269 1199 1312 1241; x_wconf 73' lang='grc' dir='ltr'><em>ἐν</em></span> <span class='ocrx_word' id='word_1_159' title='bbox 1350 1199 1491 1255; x_wconf 71' lang='grc' dir='ltr'><em>τούτῳ</em></span> <span class='ocrx_word' id='word_1_160' title='bbox 1532 1195 1570 1241; x_wconf 60' lang='grc' dir='ltr'><em>δ)</em></span> <span class='ocrx_word' id='word_1_161' title='bbox 1617 1198 1709 1241; x_wconf 74' lang='grc' dir='ltr'><em>ἐστὶ</em></span> <span class='ocrx_word' id='word_1_162' title='bbox 1744 1200 1816 1240; x_wconf 81' lang='grc' dir='ltr'><em>καὶ</em></span> <span class='ocrx_word' id='word_1_163' title='bbox 1846 1198 1895 1240; x_wconf 84' lang='grc' dir='ltr'><em>τὸ</em></span> <span class='ocrx_word' id='word_1_164' title='bbox 1930 1205 1965 1237; x_wconf 88' lang='grc'><em>15</em></span> 
     </span>
     <span class='ocr_line' id='line_1_17' title="bbox 129 1261 1894 1325; baseline -0.001 -17"><span class='ocrx_word' id='word_1_165' title='bbox 129 1270 210 1308; x_wconf 87' lang='lat'><em>455</em></span> <span class='ocrx_word' id='word_1_166' title='bbox 242 1268 456 1325; x_wconf 77' lang='grc' dir='ltr'><em>Σιδηροῦν</em></span> <span class='ocrx_word' id='word_1_167' title='bbox 493 1267 759 1322; x_wconf 78' lang='grc' dir='ltr'><em>καλούμενον</em></span> <span class='ocrx_word' id='word_1_168' title='bbox 798 1263 900 1321; x_wconf 79' lang='grc' dir='ltr'><em>ὅρος</em></span> <span class='ocrx_word' id='word_1_169' title='bbox 930 1266 1224 1324; x_wconf 79' lang='grc' dir='ltr'><em>μηκυνόμενον</em></span> <span class='ocrx_word' id='word_1_170' title='bbox 1254 1270 1377 1322; x_wconf 83' lang='grc' dir='ltr'><em>μέχρι</em></span> <span class='ocrx_word' id='word_1_171' title='bbox 1407 1269 1483 1323; x_wconf 61' lang='grc' dir='ltr'><em>τῆς</em></span> <span class='ocrx_word' id='word_1_172' title='bbox 1515 1265 1820 1321; x_wconf 72' lang='grc' dir='ltr'><em>ΖΙῚωαβίτιδος.</em></span> <span class='ocrx_word' id='word_1_173' title='bbox 1869 1261 1894 1320; x_wconf 74' lang='grc' dir='ltr'>ἡ</span> 
     </span>
     <span class='ocr_line' id='line_1_18' title="bbox 239 1329 1897 1392; baseline -0.002 -14"><span class='ocrx_word' id='word_1_174' title='bbox 239 1339 348 1392; x_wconf 89' lang='grc' dir='ltr'><em>μέση</em></span> <span class='ocrx_word' id='word_1_175' title='bbox 372 1336 418 1378; x_wconf 83' lang='grc' dir='ltr'><em>δὲ</em></span> <span class='ocrx_word' id='word_1_176' title='bbox 439 1337 525 1378; x_wconf 81' lang='grc' dir='ltr'><em>τῶν</em></span> <span class='ocrx_word' id='word_1_177' title='bbox 557 1335 633 1378; x_wconf 76' lang='grc' dir='ltr'><em>δύο</em></span> <span class='ocrx_word' id='word_1_178' title='bbox 665 1331 801 1391; x_wconf 69' lang='grc' dir='ltr'><em>ὀρέων</em></span> <span class='ocrx_word' id='word_1_179' title='bbox 829 1334 952 1390; x_wconf 88' lang='grc' dir='ltr'><em>χώρα</em></span> <span class='ocrx_word' id='word_1_180' title='bbox 981 1334 1029 1376; x_wconf 82' lang='grc' dir='ltr'><em>τὸ</em></span> <span class='ocrx_word' id='word_1_181' title='bbox 1062 1337 1172 1389; x_wconf 87' lang='grc' dir='ltr'><em>μέγα</em></span> <span class='ocrx_word' id='word_1_182' title='bbox 1201 1334 1358 1377; x_wconf 80' lang='grc' dir='ltr'><em>πεδίον</em></span> <span class='ocrx_word' id='word_1_183' title='bbox 1387 1335 1596 1386; x_wconf 89' lang='grc' dir='ltr'><em>καλεῖται,</em></span> <span class='ocrx_word' id='word_1_184' title='bbox 1630 1329 1719 1375; x_wconf 79' lang='grc' dir='ltr'><em>άπὸ</em></span> <span class='ocrx_word' id='word_1_185' title='bbox 1752 1332 1897 1390; x_wconf 83' lang='grc' dir='ltr'><em>κώμης</em></span> 
     </span>
     <span class='ocr_line' id='line_1_19' title="bbox 130 1397 1897 1459; baseline 0 -17"><span class='ocrx_word' id='word_1_186' title='bbox 130 1404 211 1443; x_wconf 86' lang='grc'><em>456</em></span> <span class='ocrx_word' id='word_1_187' title='bbox 244 1405 476 1458; x_wconf 83' lang='grc' dir='ltr'><em>Γινναβρὶν</em></span> <span class='ocrx_word' id='word_1_188' title='bbox 513 1402 660 1459; x_wconf 83' lang='grc' dir='ltr'><em>διῆκον</em></span> <span class='ocrx_word' id='word_1_189' title='bbox 699 1406 823 1457; x_wconf 87' lang='grc' dir='ltr'><em>μέχρι</em></span> <span class='ocrx_word' id='word_1_190' title='bbox 862 1404 939 1458; x_wconf 81' lang='grc' dir='ltr'><em>τῆς</em></span> <span class='ocrx_word' id='word_1_191' title='bbox 965 1397 1321 1458; x_wconf 79' lang='grc' dir='ltr'><em>Ἀσφαλτίτιδος.</em></span> <span class='ocrx_word' id='word_1_192' title='bbox 1372 1401 1466 1444; x_wconf 70' lang='grc' dir='ltr'><em>ἔστι</em></span> <span class='ocrx_word' id='word_1_193' title='bbox 1505 1401 1551 1443; x_wconf 77' lang='grc' dir='ltr'><em>δὲ</em></span> <span class='ocrx_word' id='word_1_194' title='bbox 1593 1397 1724 1443; x_wconf 67' lang='grc' dir='ltr'><em>αὐτοῦ</em></span> <span class='ocrx_word' id='word_1_195' title='bbox 1762 1402 1897 1457; x_wconf 83' lang='grc' dir='ltr'><em>μῆκος</em></span> 
     </span>
     <span class='ocr_line' id='line_1_20' title="bbox 239 1460 1895 1525; baseline -0.002 -12"><span class='ocrx_word' id='word_1_196' title='bbox 239 1471 318 1525; x_wconf 79' lang='grc' dir='ltr'><em>μὲν</em></span> <span class='ocrx_word' id='word_1_197' title='bbox 357 1470 547 1513; x_wconf 91' lang='grc' dir='ltr'><em>σταδίων</em></span> <span class='ocrx_word' id='word_1_198' title='bbox 583 1470 737 1522; x_wconf 90' lang='grc' dir='ltr'><em>χιλίων</em></span> <span class='ocrx_word' id='word_1_199' title='bbox 778 1471 1032 1521; x_wconf 86' lang='grc' dir='ltr'><em>διακοσίων,</em></span> <span class='ocrx_word' id='word_1_200' title='bbox 1073 1460 1196 1524; x_wconf 65' lang='grc' dir='ltr'><em>εὖρος</em></span> <span class='ocrx_word' id='word_1_201' title='bbox 1236 1465 1276 1511; x_wconf 66' lang='grc' dir='ltr'><em>δ’</em></span> <span class='ocrx_word' id='word_1_202' title='bbox 1322 1469 1459 1511; x_wconf 75' lang='grc' dir='ltr'><em>εἴκοσι</em></span> <span class='ocrx_word' id='word_1_203' title='bbox 1500 1470 1570 1512; x_wconf 83' lang='grc' dir='ltr'><em>καὶ</em></span> <span class='ocrx_word' id='word_1_204' title='bbox 1612 1467 1783 1519; x_wconf 79' lang='grc' dir='ltr'><em>ἑκατόν,</em></span> <span class='ocrx_word' id='word_1_205' title='bbox 1823 1468 1895 1510; x_wconf 87' lang='grc' dir='ltr'><em>καὶ</em></span> 
     </span>
     <span class='ocr_line' id='line_1_21' title="bbox 239 1531 1964 1593; baseline -0.003 -13"><span class='ocrx_word' id='word_1_206' title='bbox 239 1541 373 1592; x_wconf 82' lang='grc' dir='ltr'><em>μέσον</em></span> <span class='ocrx_word' id='word_1_207' title='bbox 411 1535 497 1579; x_wconf 66' lang='grc' dir='ltr'><em>ὑπὸ</em></span> <span class='ocrx_word' id='word_1_208' title='bbox 539 1539 617 1578; x_wconf 80' lang='grc' dir='ltr'><em>τοῦ</em></span> <span class='ocrx_word' id='word_1_209' title='bbox 643 1533 860 1591; x_wconf 76' lang='grc' dir='ltr'><em>Ἰορδάνου</em></span> <span class='ocrx_word' id='word_1_210' title='bbox 898 1540 1101 1591; x_wconf 86' lang='grc' dir='ltr'><em>τέμνεται</em></span> <span class='ocrx_word' id='word_1_211' title='bbox 1143 1538 1297 1590; x_wconf 81' lang='grc' dir='ltr'><em>λίμνας</em></span> <span class='ocrx_word' id='word_1_212' title='bbox 1331 1552 1378 1578; x_wconf 85' lang='grc' dir='ltr'><em>τε</em></span> <span class='ocrx_word' id='word_1_213' title='bbox 1408 1535 1494 1589; x_wconf 69' lang='grc' dir='ltr'><em>ἔχει</em></span> <span class='ocrx_word' id='word_1_214' title='bbox 1523 1535 1599 1593; x_wconf 77' lang='grc' dir='ltr'><em>τήν</em></span> <span class='ocrx_word' id='word_1_215' title='bbox 1628 1552 1675 1578; x_wconf 85' lang='grc' dir='ltr'><em>τε</em></span> <span class='ocrx_word' id='word_1_216' title='bbox 1700 1531 1897 1592; x_wconf 79' lang='grc' dir='ltr'><em>Ἀσφαλ-</em></span> <span class='ocrx_word' id='word_1_217' title='bbox 1927 1541 1964 1574; x_wconf 91' lang='grc'><em>20</em></span> 
     </span>
     <span class='ocr_line' id='line_1_22' title="bbox 238 1600 1897 1661; baseline -0.002 -13"><span class='ocrx_word' id='word_1_218' title='bbox 238 1614 351 1648; x_wconf 89' lang='grc' dir='ltr'><em>τῑτιν</em></span> <span class='ocrx_word' id='word_1_219' title='bbox 373 1606 445 1647; x_wconf 87' lang='grc' dir='ltr'><em>καὶ</em></span> <span class='ocrx_word' id='word_1_220' title='bbox 466 1602 544 1661; x_wconf 77' lang='grc' dir='ltr'><em>τὴν</em></span> <span class='ocrx_word' id='word_1_221' title='bbox 572 1608 807 1659; x_wconf 86' lang='grc' dir='ltr'><em>Τιβεριέων</em></span> <span class='ocrx_word' id='word_1_222' title='bbox 838 1605 971 1661; x_wconf 73' lang='grc' dir='ltr'><em>φύσιν</em></span> <span class='ocrx_word' id='word_1_223' title='bbox 1003 1604 1224 1654; x_wconf 76' lang='grc' dir='ltr'><em>ἐναντίας·</em></span> <span class='ocrx_word' id='word_1_224' title='bbox 1256 1602 1280 1661; x_wconf 75' lang='grc' dir='ltr'>ἡ</span> <span class='ocrx_word' id='word_1_225' title='bbox 1310 1605 1390 1658; x_wconf 76' lang='grc' dir='ltr'><em>μὲν</em></span> <span class='ocrx_word' id='word_1_226' title='bbox 1420 1602 1502 1659; x_wconf 82' lang='grc' dir='ltr'><em>γὰρ</em></span> <span class='ocrx_word' id='word_1_227' title='bbox 1535 1600 1793 1660; x_wconf 77' lang='grc' dir='ltr'><em>ἁλμυρώδης</em></span> <span class='ocrx_word' id='word_1_228' title='bbox 1823 1604 1897 1646; x_wconf 82' lang='grc' dir='ltr'><em>καὶ</em></span> 
     </span>
    </p>
   </div>
   <div class='ocr_carea' id='block_1_3' title="bbox 823 1735 1833 1737">
    <p class='ocr_par' dir='ltr' id='par_1_3' title="bbox 823 1735 1833 1737">
     <span class='ocr_line' id='line_1_23' title="bbox 823 1735 1833 1737; baseline 0 0"><span class='ocrx_word' id='word_1_229' title='bbox 823 1735 1833 1737; x_wconf 95' lang='lat' dir='ltr'><em> </em></span> 
     </span>
    </p>
   </div>
   <div class='ocr_carea' id='block_1_4' title="bbox 251 1735 1833 1738">
    <p class='ocr_par' dir='ltr' id='par_1_4' title="bbox 251 1735 1833 1738">
     <span class='ocr_line' id='line_1_24' title="bbox 251 1735 1833 1738; baseline 0 0"><span class='ocrx_word' id='word_1_230' title='bbox 251 1735 1833 1738; x_wconf 95' lang='lat' dir='ltr'><em> </em></span> 
     </span>
    </p>
   </div>
   <div class='ocr_carea' id='block_1_5' title="bbox 351 1814 1194 1859">
    <p class='ocr_par' dir='ltr' id='par_1_5' title="bbox 351 1814 1194 1859">
     <span class='ocr_line' id='line_1_25' title="bbox 351 1814 1194 1859; baseline 0 -11"><span class='ocrx_word' id='word_1_231' title='bbox 351 1814 581 1850; x_wconf 88' lang='lat' dir='ltr'>PAMLVRC</span> <span class='ocrx_word' id='word_1_232' title='bbox 592 1815 891 1859; x_wconf 82' lang='lat' dir='ltr'>LatHegesippus</span> <span class='ocrx_word' id='word_1_233' title='bbox 916 1815 965 1849; x_wconf 90' lang='lat' dir='ltr'><em>IV</em></span> <span class='ocrx_word' id='word_1_234' title='bbox 992 1818 1031 1848; x_wconf 84' lang='lat' dir='ltr'><em>1ss</em></span> <span class='ocrx_word' id='word_1_235' title='bbox 1056 1825 1090 1857; x_wconf 89' lang='lat' dir='ltr'><em>p.</em></span> <span class='ocrx_word' id='word_1_236' title='bbox 1119 1816 1194 1848; x_wconf 73' lang='lat'><em>248.</em></span> 
     </span>
    </p>
   </div>
   <div class='ocr_carea' id='block_1_6' title="bbox 238 1879 1897 2934">
    <p class='ocr_par' dir='ltr' id='par_1_6' title="bbox 238 1879 1897 2934">
     <span class='ocr_line' id='line_1_26' title="bbox 355 1879 1893 1928; baseline -0.002 -12"><span class='ocrx_word' id='word_1_237' title='bbox 355 1886 368 1916; x_wconf 82' lang='lat'>1</span> <span class='ocrx_word' id='word_1_238' title='bbox 396 1883 561 1928; x_wconf 89' lang='grc' dir='ltr'><em>κοραίαν</em></span> <span class='ocrx_word' id='word_1_239' title='bbox 585 1882 752 1917; x_wconf 84' lang='lat' dir='ltr'>MLVRC</span> <span class='ocrx_word' id='word_1_240' title='bbox 869 1882 997 1926; x_wconf 77' lang='grc' dir='ltr'><em>δησίου</em></span> <span class='ocrx_word' id='word_1_241' title='bbox 1020 1881 1083 1915; x_wconf 88' lang='grc' dir='ltr'><em>ΡΑ</em></span> <span class='ocrx_word' id='word_1_242' title='bbox 1108 1882 1232 1917; x_wconf 85' lang='grc' dir='ltr'><em>δεσιόυ</em></span> <span class='ocrx_word' id='word_1_243' title='bbox 1256 1880 1391 1916; x_wconf 86' lang='lat' dir='ltr'>MVRC</span> <span class='ocrx_word' id='word_1_244' title='bbox 1417 1881 1507 1914; x_wconf 71' lang='lat' dir='ltr'><em>iunii</em></span> <span class='ocrx_word' id='word_1_245' title='bbox 1530 1880 1600 1914; x_wconf 84' lang='lat' dir='ltr'><em>Lat</em></span> <span class='ocrx_word' id='word_1_246' title='bbox 1714 1879 1836 1914; x_wconf 86' lang='lat' dir='ltr'>Daesii</span> <span class='ocrx_word' id='word_1_247' title='bbox 1862 1882 1893 1914; x_wconf 83' lang='lat'><em>2.</em></span> 
     </span>
     <span class='ocr_line' id='line_1_27' title="bbox 240 1935 1851 1982; baseline -0.002 -9"><span class='ocrx_word' id='word_1_248' title='bbox 240 1938 312 1973; x_wconf 85' lang='lat' dir='ltr'>dies</span> <span class='ocrx_word' id='word_1_249' title='bbox 331 1941 384 1973; x_wconf 75' lang='lat' dir='ltr'><em>est</em></span> <span class='ocrx_word' id='word_1_250' title='bbox 400 1940 454 1971; x_wconf 86' lang='grc'><em>20.</em></span> <span class='ocrx_word' id='word_1_251' title='bbox 469 1938 560 1972; x_wconf 84' lang='lat' dir='ltr'>Iunii</span> <span class='ocrx_word' id='word_1_252' title='bbox 578 1938 661 1978; x_wconf 85' lang='lat' dir='ltr'><strong>(XII</strong></span> <span class='ocrx_word' id='word_1_253' title='bbox 678 1938 720 1972; x_wconf 88' lang='lat' dir='ltr'><em>K.</em></span> <span class='ocrx_word' id='word_1_254' title='bbox 737 1937 816 1980; x_wconf 86' lang='lat' dir='ltr'><strong>Iul.)</strong></span> <span class='ocrx_word' id='word_1_255' title='bbox 833 1939 917 1971; x_wconf 80' lang='lat' dir='ltr'>anni</span> <span class='ocrx_word' id='word_1_256' title='bbox 929 1937 1057 1972; x_wconf 86' lang='lat' dir='ltr'>Iuliani</span> <span class='ocrx_word' id='word_1_257' title='bbox 1072 1940 1129 1979; x_wconf 78' lang='grc'><em>(68</em></span> <span class='ocrx_word' id='word_1_258' title='bbox 1147 1948 1182 1981; x_wconf 82' lang='lat' dir='ltr'><em>p.</em></span> <span class='ocrx_word' id='word_1_259' title='bbox 1201 1937 1296 1979; x_wconf 85' lang='lat' dir='ltr'>Chr.)</span> <span class='ocrx_word' id='word_1_260' title='bbox 1368 1939 1386 1970; x_wconf 89' lang='grc'>2</span> <span class='ocrx_word' id='word_1_261' title='bbox 1404 1936 1441 1972; x_wconf 77' lang='grc' dir='ltr'><em>δὲ</em></span> <span class='ocrx_word' id='word_1_262' title='bbox 1455 1936 1580 1970; x_wconf 81' lang='lat' dir='ltr'>LVRC</span> <span class='ocrx_word' id='word_1_263' title='bbox 1652 1939 1670 1970; x_wconf 89' lang='lat'>3</span> <span class='ocrx_word' id='word_1_264' title='bbox 1687 1936 1810 1982; x_wconf 87' lang='grc' dir='ltr'><em>μίσγει</em></span> <span class='ocrx_word' id='word_1_265' title='bbox 1823 1935 1851 1969; x_wconf 91' lang='lat' dir='ltr'><strong>P</strong></span> 
     </span>
     <span class='ocr_line' id='line_1_28' title="bbox 240 1990 1896 2041; baseline -0.003 -11"><span class='ocrx_word' id='word_1_266' title='bbox 240 1999 398 2041; x_wconf 80' lang='grc' dir='ltr'><em>τραϊνοσ</em></span> <span class='ocrx_word' id='word_1_267' title='bbox 417 1994 455 2028; x_wconf 90' lang='grc' dir='ltr'>Μ</span> <span class='ocrx_word' id='word_1_268' title='bbox 571 1997 592 2028; x_wconf 87' lang='grc'>4</span> <span class='ocrx_word' id='word_1_269' title='bbox 617 1997 705 2036; x_wconf 82' lang='grc' dir='ltr'><em>τῶν]</em></span> <span class='ocrx_word' id='word_1_270' title='bbox 730 1993 798 2030; x_wconf 85' lang='grc' dir='ltr'><em>τὸν</em></span> <span class='ocrx_word' id='word_1_271' title='bbox 823 1993 906 2027; x_wconf 86' lang='lat' dir='ltr'><em>A¹R</em></span> <span class='ocrx_word' id='word_1_272' title='bbox 1018 1993 1289 2039; x_wconf 77' lang='grc' dir='ltr'><em>κεκυρωμένων</em></span> <span class='ocrx_word' id='word_1_273' title='bbox 1312 1993 1342 2026; x_wconf 92' lang='lat' dir='ltr'>L</span> <span class='ocrx_word' id='word_1_274' title='bbox 1458 1996 1476 2026; x_wconf 82' lang='lat'>5</span> <span class='ocrx_word' id='word_1_275' title='bbox 1502 1990 1736 2037; x_wconf 73' lang='grc' dir='ltr'><em>ἱεριχοῦντοσ</em></span> <span class='ocrx_word' id='word_1_276' title='bbox 1761 1991 1896 2026; x_wconf 81' lang='lat' dir='ltr'>MVRC</span> 
     </span>
     <span class='ocr_line' id='line_1_29' title="bbox 240 2047 1896 2095; baseline -0.001 -11"><span class='ocrx_word' id='word_1_277' title='bbox 240 2049 461 2085; x_wconf 66' lang='lat' dir='ltr'><em>hierichunta</em></span> <span class='ocrx_word' id='word_1_278' title='bbox 478 2049 548 2084; x_wconf 83' lang='lat' dir='ltr'><em>Lat</em></span> <span class='ocrx_word' id='word_1_279' title='bbox 565 2050 724 2085; x_wconf 77' lang='lat' dir='ltr'><em>hiericho</em></span> <span class='ocrx_word' id='word_1_280' title='bbox 741 2050 839 2091; x_wconf 66' lang='lat' dir='ltr'>(abl.)</span> <span class='ocrx_word' id='word_1_281' title='bbox 858 2050 934 2093; x_wconf 83' lang='lat' dir='ltr'><em>Heg</em></span> <span class='ocrx_word' id='word_1_282' title='bbox 996 2053 1015 2083; x_wconf 89' lang='lat'>6</span> <span class='ocrx_word' id='word_1_283' title='bbox 1033 2047 1223 2095; x_wconf 75' lang='grc' dir='ltr'><em>διαφεύγει</em></span> <span class='ocrx_word' id='word_1_284' title='bbox 1239 2049 1269 2082; x_wconf 91' lang='lat' dir='ltr'>L</span> <span class='ocrx_word' id='word_1_285' title='bbox 1330 2048 1595 2091; x_wconf 75' lang='grc' dir='ltr'><em>καταλειφθὲν]</em></span> <span class='ocrx_word' id='word_1_286' title='bbox 1613 2047 1896 2091; x_wconf 79' lang='lat' dir='ltr'>PAMLLatHeg</span> 
     </span>
     <span class='ocr_line' id='line_1_30' title="bbox 239 2100 1842 2152; baseline -0.004 -9"><span class='ocrx_word' id='word_1_287' title='bbox 239 2106 482 2152; x_wconf 74' lang='grc' dir='ltr'><em>καταληφθὲν</em></span> <span class='ocrx_word' id='word_1_288' title='bbox 498 2106 593 2141; x_wconf 83' lang='lat' dir='ltr'><em>VRC</em></span> <span class='ocrx_word' id='word_1_289' title='bbox 650 2110 666 2140; x_wconf 83' lang='lat'>7</span> <span class='ocrx_word' id='word_1_290' title='bbox 686 2103 722 2142; x_wconf 69' lang='grc' dir='ltr'><em>δ’</em></span> <span class='ocrx_word' id='word_1_291' title='bbox 740 2106 766 2141; x_wconf 88' lang='lat' dir='ltr'>C</span> <span class='ocrx_word' id='word_1_292' title='bbox 822 2109 841 2140; x_wconf 86' lang='grc'>8</span> <span class='ocrx_word' id='word_1_293' title='bbox 859 2101 1035 2151; x_wconf 70' lang='grc' dir='ltr'><em>ἥτιςΗτισ</em></span> <span class='ocrx_word' id='word_1_294' title='bbox 1053 2105 1079 2139; x_wconf 90' lang='lat' dir='ltr'>C</span> <span class='ocrx_word' id='word_1_295' title='bbox 1131 2106 1200 2150; x_wconf 80' lang='grc' dir='ltr'><em>μὲν</em></span> <span class='ocrx_word' id='word_1_296' title='bbox 1224 2104 1386 2149; x_wconf 79' lang='grc' dir='ltr'><em>ἐμπεδίω</em></span> <span class='ocrx_word' id='word_1_297' title='bbox 1410 2104 1443 2139; x_wconf 87' lang='lat' dir='ltr'><strong>R</strong></span> <span class='ocrx_word' id='word_1_298' title='bbox 1499 2103 1623 2150; x_wconf 75' lang='grc' dir='ltr'><em>ψιλὸν]</em></span> <span class='ocrx_word' id='word_1_299' title='bbox 1648 2100 1794 2149; x_wconf 72' lang='grc' dir='ltr'><em>ὑψηλὸν</em></span> <span class='ocrx_word' id='word_1_300' title='bbox 1809 2106 1842 2137; x_wconf 90' lang='lat' dir='ltr'>A</span> 
     </span>
     <span class='ocr_line' id='line_1_31' title="bbox 240 2158 1897 2208; baseline -0.005 -9"><span class='ocrx_word' id='word_1_301' title='bbox 240 2160 330 2208; x_wconf 71' lang='grc' dir='ltr'><em>αὐτὴ</em></span> <span class='ocrx_word' id='word_1_302' title='bbox 355 2163 394 2196; x_wconf 88' lang='grc' dir='ltr'>Μ</span> <span class='ocrx_word' id='word_1_303' title='bbox 427 2158 542 2207; x_wconf 74' lang='grc' dir='ltr'><em>αὐτὴν</em></span> <span class='ocrx_word' id='word_1_304' title='bbox 565 2161 595 2195; x_wconf 88' lang='lat' dir='ltr'>L</span> <span class='ocrx_word' id='word_1_305' title='bbox 621 2158 733 2208; x_wconf 76' lang='grc' dir='ltr'><em>αὐτῆς</em></span> <span class='ocrx_word' id='word_1_306' title='bbox 755 2172 799 2196; x_wconf 81' lang='lat' dir='ltr'><em>ex</em></span> <span class='ocrx_word' id='word_1_307' title='bbox 824 2162 939 2197; x_wconf 86' lang='lat' dir='ltr'>Rehd.</span> <span class='ocrx_word' id='word_1_308' title='bbox 964 2162 1114 2197; x_wconf 86' lang='lat' dir='ltr'>Hudson</span> <span class='ocrx_word' id='word_1_309' title='bbox 1184 2164 1203 2195; x_wconf 86' lang='lat'>9</span> <span class='ocrx_word' id='word_1_310' title='bbox 1227 2160 1313 2208; x_wconf 76' lang='grc' dir='ltr'><em>γὰρ]</em></span> <span class='ocrx_word' id='word_1_311' title='bbox 1339 2161 1407 2205; x_wconf 78' lang='grc' dir='ltr'><em>μὲν</em></span> <span class='ocrx_word' id='word_1_312' title='bbox 1430 2160 1460 2194; x_wconf 94' lang='lat' dir='ltr'>L</span> <span class='ocrx_word' id='word_1_313' title='bbox 1485 2160 1575 2194; x_wconf 76' lang='lat' dir='ltr'><em>enim</em></span> <span class='ocrx_word' id='word_1_314' title='bbox 1602 2159 1750 2203; x_wconf 81' lang='lat' dir='ltr'>LatHeg</span> <span class='ocrx_word' id='word_1_315' title='bbox 1818 2163 1897 2206; x_wconf 73' lang='grc' dir='ltr'><em>τῆς]</em></span> 
     </span>
     <span class='ocr_line' id='line_1_32' title="bbox 239 2216 1894 2264; baseline -0.004 -8"><span class='ocrx_word' id='word_1_316' title='bbox 239 2223 316 2256; x_wconf 78' lang='grc' dir='ltr'><em>τῶν</em></span> <span class='ocrx_word' id='word_1_317' title='bbox 332 2219 362 2253; x_wconf 95' lang='lat' dir='ltr'>L</span> <span class='ocrx_word' id='word_1_318' title='bbox 436 2222 474 2253; x_wconf 89' lang='lat'><em>10</em></span> <span class='ocrx_word' id='word_1_319' title='bbox 499 2216 718 2261; x_wconf 78' lang='grc' dir='ltr'><em>ἐκτείνεται]</em></span> <span class='ocrx_word' id='word_1_320' title='bbox 745 2217 931 2264; x_wconf 76' lang='grc' dir='ltr'><em>ἐκγίνεται</em></span> <span class='ocrx_word' id='word_1_321' title='bbox 956 2219 989 2252; x_wconf 90' lang='grc' dir='ltr'><strong>Α</strong></span> <span class='ocrx_word' id='word_1_322' title='bbox 1060 2221 1098 2253; x_wconf 87' lang='grc'><em>11</em></span> <span class='ocrx_word' id='word_1_323' title='bbox 1129 2219 1362 2261; x_wconf 77' lang='grc' dir='ltr'><em>Σοδομιτῶν]</em></span> <span class='ocrx_word' id='word_1_324' title='bbox 1388 2216 1641 2260; x_wconf 83' lang='grc' dir='ltr'><em>σοδομίτιδοσ,</em></span> <span class='ocrx_word' id='word_1_325' title='bbox 1664 2216 1686 2249; x_wconf 90' lang='lat' dir='ltr'><em>i.</em></span> <span class='ocrx_word' id='word_1_326' title='bbox 1712 2224 1822 2259; x_wconf 82' lang='lat' dir='ltr'><strong>marg.</strong></span> <span class='ocrx_word' id='word_1_327' title='bbox 1847 2229 1894 2262; x_wconf 87' lang='grc' dir='ltr'><em>γρ</em></span> 
     </span>
     <span class='ocr_line' id='line_1_33' title="bbox 240 2268 1894 2322; baseline -0.002 -10"><span class='ocrx_word' id='word_1_328' title='bbox 240 2276 510 2322; x_wconf 86' lang='grc' dir='ltr'><em>σαμαρείτιδοσ</em></span> <span class='ocrx_word' id='word_1_329' title='bbox 524 2273 554 2307; x_wconf 93' lang='lat' dir='ltr'>L</span> <span class='ocrx_word' id='word_1_330' title='bbox 627 2277 667 2308; x_wconf 84' lang='lat'><em>12</em></span> <span class='ocrx_word' id='word_1_331' title='bbox 685 2269 854 2320; x_wconf 78' lang='grc' dir='ltr'><em>ιῖγωνίαν</em></span> <span class='ocrx_word' id='word_1_332' title='bbox 868 2275 895 2308; x_wconf 90' lang='grc' dir='ltr'>Ρ</span> <span class='ocrx_word' id='word_1_333' title='bbox 969 2277 1007 2308; x_wconf 88' lang='grc'><em>13</em></span> <span class='ocrx_word' id='word_1_334' title='bbox 1027 2276 1124 2318; x_wconf 79' lang='grc' dir='ltr'><em>περὶ]</em></span> <span class='ocrx_word' id='word_1_335' title='bbox 1141 2284 1255 2319; x_wconf 76' lang='lat' dir='ltr'><em>supra</em></span> <span class='ocrx_word' id='word_1_336' title='bbox 1268 2273 1345 2316; x_wconf 83' lang='lat' dir='ltr'><em>Heg</em></span> <span class='ocrx_word' id='word_1_337' title='bbox 1360 2268 1453 2315; x_wconf 70' lang='grc' dir='ltr'><em>ὑπὲρ</em></span> <span class='ocrx_word' id='word_1_338' title='bbox 1470 2271 1644 2306; x_wconf 81' lang='lat' dir='ltr'>Destinon</span> <span class='ocrx_word' id='word_1_339' title='bbox 1716 2274 1757 2306; x_wconf 86' lang='grc'><em>14</em></span> <span class='ocrx_word' id='word_1_340' title='bbox 1775 2285 1894 2316; x_wconf 83' lang='grc' dir='ltr'><em>παρα-</em></span> 
     </span>
     <span class='ocr_line' id='line_1_34' title="bbox 239 2325 1893 2376; baseline -0.003 -9"><span class='ocrx_word' id='word_1_341' title='bbox 239 2333 374 2368; x_wconf 86' lang='grc' dir='ltr'><em>τείνων</em></span> <span class='ocrx_word' id='word_1_342' title='bbox 397 2330 457 2364; x_wconf 91' lang='lat' dir='ltr'><em>PL</em></span> <span class='ocrx_word' id='word_1_343' title='bbox 552 2330 614 2372; x_wconf 80' lang='grc' dir='ltr'><em>εἰς]</em></span> <span class='ocrx_word' id='word_1_344' title='bbox 640 2341 707 2365; x_wconf 92' lang='lat' dir='ltr'><em>om.</em></span> <span class='ocrx_word' id='word_1_345' title='bbox 735 2330 764 2364; x_wconf 96' lang='lat' dir='ltr'>L</span> <span class='ocrx_word' id='word_1_346' title='bbox 790 2330 824 2366; x_wconf 85' lang='grc' dir='ltr'><em>εἰ</em></span> <span class='ocrx_word' id='word_1_347' title='bbox 846 2330 894 2365; x_wconf 87' lang='lat' dir='ltr'><em>R¹</em></span> <span class='ocrx_word' id='word_1_348' title='bbox 986 2329 1191 2376; x_wconf 83' lang='grc' dir='ltr'><em>Σομόρων]</em></span> <span class='ocrx_word' id='word_1_349' title='bbox 1217 2325 1421 2375; x_wconf 89' lang='grc' dir='ltr'><em>σομόρρων</em></span> <span class='ocrx_word' id='word_1_350' title='bbox 1445 2327 1512 2361; x_wconf 79' lang='lat' dir='ltr'><em>VR</em></span> <span class='ocrx_word' id='word_1_351' title='bbox 1536 2340 1742 2374; x_wconf 87' lang='grc' dir='ltr'><em>σομορρων</em></span> <span class='ocrx_word' id='word_1_352' title='bbox 1765 2327 1843 2370; x_wconf 87' lang='lat' dir='ltr'>(Sic)</span> <span class='ocrx_word' id='word_1_353' title='bbox 1867 2327 1893 2362; x_wconf 88' lang='lat' dir='ltr'>C</span> 
     </span>
     <span class='ocr_line' id='line_1_35' title="bbox 238 2381 1782 2432; baseline -0.003 -10"><span class='ocrx_word' id='word_1_354' title='bbox 238 2388 369 2423; x_wconf 73' lang='lat' dir='ltr'><em>sobara</em></span> <span class='ocrx_word' id='word_1_355' title='bbox 396 2388 499 2428; x_wconf 85' lang='lat' dir='ltr'>(acc.)</span> <span class='ocrx_word' id='word_1_356' title='bbox 523 2386 593 2420; x_wconf 85' lang='lat' dir='ltr'><em>Lat</em></span> <span class='ocrx_word' id='word_1_357' title='bbox 615 2386 767 2421; x_wconf 82' lang='lat' dir='ltr'><em>sobaros</em></span> <span class='ocrx_word' id='word_1_358' title='bbox 790 2386 867 2430; x_wconf 82' lang='lat' dir='ltr'><em>Heg</em></span> <span class='ocrx_word' id='word_1_359' title='bbox 893 2384 1080 2432; x_wconf 83' lang='grc' dir='ltr'><em>Γομόρρα</em></span> <span class='ocrx_word' id='word_1_360' title='bbox 1107 2384 1249 2428; x_wconf 86' lang='lat' dir='ltr'>Cocceji</span> <span class='ocrx_word' id='word_1_361' title='bbox 1279 2381 1449 2427; x_wconf 83' lang='grc' dir='ltr'><em>Ζωάρων</em></span> <span class='ocrx_word' id='word_1_362' title='bbox 1474 2383 1606 2417; x_wconf 83' lang='lat' dir='ltr'>Weber</span> <span class='ocrx_word' id='word_1_363' title='bbox 1635 2383 1681 2418; x_wconf 84' lang='lat' dir='ltr'><em>ad</em></span> <span class='ocrx_word' id='word_1_364' title='bbox 1704 2384 1782 2427; x_wconf 86' lang='lat' dir='ltr'><em>Heg</em></span> 
     </span>
     <span class='ocr_line' id='line_1_36' title="bbox 242 2434 1892 2490; baseline -0.002 -12"><span class='ocrx_word' id='word_1_365' title='bbox 242 2447 280 2478; x_wconf 84' lang='lat'><em>15</em></span> <span class='ocrx_word' id='word_1_366' title='bbox 306 2438 401 2490; x_wconf 62' lang='grc' dir='ltr'><em>ἤπερ</em></span> <span class='ocrx_word' id='word_1_367' title='bbox 428 2439 559 2488; x_wconf 79' lang='grc' dir='ltr'><em>ὁρίζει]</em></span> <span class='ocrx_word' id='word_1_368' title='bbox 584 2438 606 2486; x_wconf 72' lang='grc' dir='ltr'><em>ἢ</em></span> <span class='ocrx_word' id='word_1_369' title='bbox 630 2445 665 2488; x_wconf 83' lang='grc' dir='ltr'><em>(ἦ</em></span> <span class='ocrx_word' id='word_1_370' title='bbox 687 2443 729 2485; x_wconf 88' lang='grc' dir='ltr'><em>Ρ)</em></span> <span class='ocrx_word' id='word_1_371' title='bbox 754 2443 963 2488; x_wconf 82' lang='grc' dir='ltr'><em>περιορίζει</em></span> <span class='ocrx_word' id='word_1_372' title='bbox 986 2442 1047 2476; x_wconf 93' lang='lat' dir='ltr'><em>PL</em></span> <span class='ocrx_word' id='word_1_373' title='bbox 1140 2436 1175 2476; x_wconf 79' lang='grc' dir='ltr'><em>δ’</em></span> <span class='ocrx_word' id='word_1_374' title='bbox 1202 2439 1292 2481; x_wconf 79' lang='grc' dir='ltr'><em>ἐστὶ]</em></span> <span class='ocrx_word' id='word_1_375' title='bbox 1317 2434 1351 2474; x_wconf 77' lang='grc' dir='ltr'><em>δ’</em></span> <span class='ocrx_word' id='word_1_376' title='bbox 1376 2437 1478 2475; x_wconf 79' lang='grc' dir='ltr'><em>ἐστὶν</em></span> <span class='ocrx_word' id='word_1_377' title='bbox 1502 2439 1531 2472; x_wconf 93' lang='lat' dir='ltr'>L</span> <span class='ocrx_word' id='word_1_378' title='bbox 1556 2439 1594 2475; x_wconf 82' lang='grc' dir='ltr'><em>δέ</em></span> <span class='ocrx_word' id='word_1_379' title='bbox 1617 2438 1696 2476; x_wconf 78' lang='grc' dir='ltr'><em>ἐστι</em></span> <span class='ocrx_word' id='word_1_380' title='bbox 1719 2438 1833 2481; x_wconf 82' lang='grc' dir='ltr'><em>(ἐστιν</em></span> <span class='ocrx_word' id='word_1_381' title='bbox 1849 2439 1892 2479; x_wconf 88' lang='lat' dir='ltr'><em>V)</em></span> 
     </span>
     <span class='ocr_line' id='line_1_37' title="bbox 240 2491 1803 2545; baseline -0.003 -11"><span class='ocrx_word' id='word_1_382' title='bbox 240 2499 336 2534; x_wconf 81' lang='lat' dir='ltr'><em>VRC</em></span> <span class='ocrx_word' id='word_1_383' title='bbox 432 2501 472 2534; x_wconf 89' lang='grc'><em>16</em></span> <span class='ocrx_word' id='word_1_384' title='bbox 491 2499 744 2544; x_wconf 76' lang='grc' dir='ltr'><em>Μωαβίτιδος]</em></span> <span class='ocrx_word' id='word_1_385' title='bbox 770 2500 995 2545; x_wconf 82' lang='grc' dir='ltr'><em>μοαβίτιδοσ</em></span> <span class='ocrx_word' id='word_1_386' title='bbox 1018 2499 1151 2543; x_wconf 79' lang='grc' dir='ltr'><em>λίμνησ</em></span> <span class='ocrx_word' id='word_1_387' title='bbox 1175 2496 1233 2537; x_wconf 84' lang='lat' dir='ltr'><strong>(cf.</strong></span> <span class='ocrx_word' id='word_1_388' title='bbox 1257 2496 1303 2530; x_wconf 83' lang='lat' dir='ltr'><em>ad</em></span> <span class='ocrx_word' id='word_1_389' title='bbox 1327 2506 1362 2530; x_wconf 90' lang='lat' dir='ltr'><em>u.</em></span> <span class='ocrx_word' id='word_1_390' title='bbox 1390 2497 1443 2536; x_wconf 81' lang='lat'><em>18)</em></span> <span class='ocrx_word' id='word_1_391' title='bbox 1459 2494 1486 2528; x_wconf 89' lang='lat' dir='ltr'>P</span> <span class='ocrx_word' id='word_1_392' title='bbox 1582 2498 1618 2528; x_wconf 80' lang='lat'><em>17</em></span> <span class='ocrx_word' id='word_1_393' title='bbox 1647 2491 1751 2543; x_wconf 82' lang='grc' dir='ltr'><em>ὀρῶν</em></span> <span class='ocrx_word' id='word_1_394' title='bbox 1773 2495 1803 2529; x_wconf 93' lang='lat' dir='ltr'>L</span> 
     </span>
     <span class='ocr_line' id='line_1_38' title="bbox 239 2550 1895 2601; baseline -0.002 -11"><span class='ocrx_word' id='word_1_395' title='bbox 239 2558 408 2591; x_wconf 77' lang='grc' dir='ltr'><em>καλεῖται</em></span> <span class='ocrx_word' id='word_1_396' title='bbox 434 2555 565 2590; x_wconf 80' lang='grc' dir='ltr'><em>πεδίον</em></span> <span class='ocrx_word' id='word_1_397' title='bbox 588 2557 633 2588; x_wconf 80' lang='lat' dir='ltr'><em>tr.</em></span> <span class='ocrx_word' id='word_1_398' title='bbox 659 2554 689 2588; x_wconf 97' lang='lat' dir='ltr'>L</span> <span class='ocrx_word' id='word_1_399' title='bbox 763 2557 801 2589; x_wconf 88' lang='grc'><em>18</em></span> <span class='ocrx_word' id='word_1_400' title='bbox 827 2556 1043 2601; x_wconf 78' lang='grc' dir='ltr'><em>Γινναβρὶν]</em></span> <span class='ocrx_word' id='word_1_401' title='bbox 1069 2553 1243 2599; x_wconf 76' lang='grc' dir='ltr'><em>δενναβρὶ</em></span> <span class='ocrx_word' id='word_1_402' title='bbox 1265 2551 1295 2585; x_wconf 89' lang='lat' dir='ltr'>L</span> <span class='ocrx_word' id='word_1_403' title='bbox 1319 2552 1540 2597; x_wconf 78' lang='grc' dir='ltr'><em>γινναβαρὶν</em></span> <span class='ocrx_word' id='word_1_404' title='bbox 1565 2550 1592 2585; x_wconf 89' lang='lat' dir='ltr'>C</span> <span class='ocrx_word' id='word_1_405' title='bbox 1614 2552 1801 2597; x_wconf 72' lang='lat' dir='ltr'><em>qennabra</em></span> <span class='ocrx_word' id='word_1_406' title='bbox 1824 2551 1895 2587; x_wconf 85' lang='lat' dir='ltr'><em>Lat</em></span> 
     </span>
     <span class='ocr_line' id='line_1_39' title="bbox 238 2602 1894 2655; baseline -0.002 -11"><span class='ocrx_word' id='word_1_407' title='bbox 238 2610 417 2655; x_wconf 72' lang='lat' dir='ltr'><strong><em>yennabrz&#39;</em></strong></span> <span class='ocrx_word' id='word_1_408' title='bbox 438 2609 532 2654; x_wconf 84' lang='lat' dir='ltr'>Heg3</span> <span class='ocrx_word' id='word_1_409' title='bbox 564 2610 609 2645; x_wconf 86' lang='lat' dir='ltr'><em>cf.</em></span> <span class='ocrx_word' id='word_1_410' title='bbox 641 2620 750 2654; x_wconf 82' lang='lat' dir='ltr'><strong>supra</strong></span> <span class='ocrx_word' id='word_1_411' title='bbox 774 2621 809 2654; x_wconf 88' lang='lat' dir='ltr'><em>p.</em></span> <span class='ocrx_word' id='word_1_412' title='bbox 836 2613 912 2653; x_wconf 88' lang='lat'>333,</span> <span class='ocrx_word' id='word_1_413' title='bbox 938 2613 957 2644; x_wconf 88' lang='lat'>5</span> <span class='ocrx_word' id='word_1_414' title='bbox 1093 2605 1378 2654; x_wconf 67' lang='grc' dir='ltr'><em>Ἀσφαλτίτιδος]</em></span> <span class='ocrx_word' id='word_1_415' title='bbox 1411 2602 1682 2651; x_wconf 74' lang='grc' dir='ltr'><em>α’σφαλτίτιδοσ</em></span> <span class='ocrx_word' id='word_1_416' title='bbox 1703 2604 1838 2654; x_wconf 85' lang='grc' dir='ltr'><em>χώρασ</em></span> <span class='ocrx_word' id='word_1_417' title='bbox 1860 2608 1894 2640; x_wconf 89' lang='lat' dir='ltr'>A</span> 
     </span>
     <span class='ocr_line' id='line_1_40' title="bbox 239 2661 1894 2712; baseline -0.003 -10"><span class='ocrx_word' id='word_1_418' title='bbox 239 2661 512 2710; x_wconf 78' lang='grc' dir='ltr'><em>άσφαλτίτιδοσ</em></span> <span class='ocrx_word' id='word_1_419' title='bbox 536 2667 669 2712; x_wconf 78' lang='grc' dir='ltr'><em>λίμνησ</em></span> <span class='ocrx_word' id='word_1_420' title='bbox 692 2666 1008 2709; x_wconf 79' lang='lat' dir='ltr'>MLVRCLatHeg</span> <span class='ocrx_word' id='word_1_421' title='bbox 1076 2661 1112 2701; x_wconf 81' lang='grc' dir='ltr'><em>δ’</em></span> <span class='ocrx_word' id='word_1_422' title='bbox 1137 2665 1164 2700; x_wconf 88' lang='lat' dir='ltr'>C</span> <span class='ocrx_word' id='word_1_423' title='bbox 1231 2665 1360 2709; x_wconf 82' lang='grc' dir='ltr'><em>μῆκος]</em></span> <span class='ocrx_word' id='word_1_424' title='bbox 1385 2675 1429 2698; x_wconf 89' lang='grc' dir='ltr'><em>το</em></span> <span class='ocrx_word' id='word_1_425' title='bbox 1454 2665 1577 2707; x_wconf 85' lang='grc' dir='ltr'><em>μῆκοσ</em></span> <span class='ocrx_word' id='word_1_426' title='bbox 1600 2663 1628 2697; x_wconf 90' lang='grc' dir='ltr'>Ρ</span> <span class='ocrx_word' id='word_1_427' title='bbox 1700 2666 1740 2698; x_wconf 83' lang='grc'><em>19</em></span> <span class='ocrx_word' id='word_1_428' title='bbox 1763 2663 1894 2709; x_wconf 81' lang='grc' dir='ltr'><em>χιλίων</em></span> 
     </span>
     <span class='ocr_line' id='line_1_41' title="bbox 239 2717 1891 2765; baseline -0.001 -9"><span class='ocrx_word' id='word_1_429' title='bbox 239 2722 455 2762; x_wconf 86' lang='grc' dir='ltr'><em>διακοσίων]</em></span> <span class='ocrx_word' id='word_1_430' title='bbox 487 2719 692 2765; x_wconf 85' lang='grc' dir='ltr'><em>τριάκοντα</em></span> <span class='ocrx_word' id='word_1_431' title='bbox 722 2725 785 2758; x_wconf 80' lang='grc' dir='ltr'><em>καὶ</em></span> <span class='ocrx_word' id='word_1_432' title='bbox 815 2724 1019 2759; x_wconf 82' lang='grc' dir='ltr'><em>διακοσίων</em></span> <span class='ocrx_word' id='word_1_433' title='bbox 1048 2719 1240 2763; x_wconf 83' lang='lat' dir='ltr'>LLatHeg</span> <span class='ocrx_word' id='word_1_434' title='bbox 1331 2718 1369 2754; x_wconf 80' lang='grc' dir='ltr'><em>δὲ</em></span> <span class='ocrx_word' id='word_1_435' title='bbox 1393 2718 1595 2754; x_wconf 84' lang='lat' dir='ltr'>AMLVRO</span> <span class='ocrx_word' id='word_1_436' title='bbox 1688 2720 1729 2753; x_wconf 87' lang='lat'><em>20</em></span> <span class='ocrx_word' id='word_1_437' title='bbox 1761 2717 1891 2762; x_wconf 84' lang='grc' dir='ltr'><em>μέσον]</em></span> 
     </span>
     <span class='ocr_line' id='line_1_42' title="bbox 238 2769 1825 2824; baseline -0.003 -12"><span class='ocrx_word' id='word_1_438' title='bbox 238 2776 356 2821; x_wconf 85' lang='grc' dir='ltr'><em>μέσον</em></span> <span class='ocrx_word' id='word_1_439' title='bbox 387 2776 454 2820; x_wconf 81' lang='grc' dir='ltr'><em>μὲν</em></span> <span class='ocrx_word' id='word_1_440' title='bbox 478 2776 538 2811; x_wconf 88' lang='lat' dir='ltr'><em>LC</em></span> <span class='ocrx_word' id='word_1_441' title='bbox 608 2781 662 2819; x_wconf 83' lang='grc' dir='ltr'><em>τε]</em></span> <span class='ocrx_word' id='word_1_442' title='bbox 695 2778 732 2814; x_wconf 83' lang='grc' dir='ltr'><em>δὲ</em></span> <span class='ocrx_word' id='word_1_443' title='bbox 757 2778 786 2811; x_wconf 94' lang='lat' dir='ltr'>L</span> <span class='ocrx_word' id='word_1_444' title='bbox 858 2776 924 2824; x_wconf 84' lang='grc' dir='ltr'><em>τήν</em></span> <span class='ocrx_word' id='word_1_445' title='bbox 952 2791 993 2814; x_wconf 88' lang='grc' dir='ltr'><em>τε</em></span> <span class='ocrx_word' id='word_1_446' title='bbox 1025 2775 1248 2822; x_wconf 78' lang='grc' dir='ltr'><em>άσφαλτῖτιν</em></span> <span class='ocrx_word' id='word_1_447' title='bbox 1271 2771 1347 2820; x_wconf 73' lang='grc' dir='ltr'><em>ἔχει</em></span> <span class='ocrx_word' id='word_1_448' title='bbox 1371 2776 1414 2808; x_wconf 84' lang='lat' dir='ltr'><em>tr.</em></span> <span class='ocrx_word' id='word_1_449' title='bbox 1439 2774 1469 2808; x_wconf 92' lang='lat' dir='ltr'>L</span> <span class='ocrx_word' id='word_1_450' title='bbox 1540 2769 1773 2820; x_wconf 80' lang='grc' dir='ltr'><em>άσφαλτίτην</em></span> <span class='ocrx_word' id='word_1_451' title='bbox 1796 2773 1825 2807; x_wconf 89' lang='grc' dir='ltr'>Ρ</span> 
     </span>
     <span class='ocr_line' id='line_1_43' title="bbox 240 2827 1822 2881; baseline -0.002 -14"><span class='ocrx_word' id='word_1_452' title='bbox 240 2835 280 2867; x_wconf 87' lang='grc'><em>21</em></span> <span class='ocrx_word' id='word_1_453' title='bbox 308 2833 525 2878; x_wconf 82' lang='grc' dir='ltr'><em>τιβεριαίων</em></span> <span class='ocrx_word' id='word_1_454' title='bbox 544 2832 639 2867; x_wconf 87' lang='lat' dir='ltr'><em>PAR</em></span> <span class='ocrx_word' id='word_1_455' title='bbox 664 2835 903 2880; x_wconf 78' lang='grc' dir='ltr'><em>τιβερειαίων</em></span> <span class='ocrx_word' id='word_1_456' title='bbox 919 2835 949 2869; x_wconf 92' lang='lat' dir='ltr'>L</span> <span class='ocrx_word' id='word_1_457' title='bbox 974 2833 1184 2881; x_wconf 83' lang='grc' dir='ltr'><em>τιβεριαίαν</em></span> <span class='ocrx_word' id='word_1_458' title='bbox 1206 2832 1240 2866; x_wconf 93' lang='lat' dir='ltr'><strong>V</strong></span> <span class='ocrx_word' id='word_1_459' title='bbox 1265 2830 1474 2876; x_wconf 71' lang='lat' dir='ltr'><em>tyberiensis</em></span> <span class='ocrx_word' id='word_1_460' title='bbox 1497 2830 1568 2864; x_wconf 83' lang='lat' dir='ltr'><em>Lat</em></span> <span class='ocrx_word' id='word_1_461' title='bbox 1636 2827 1769 2876; x_wconf 83' lang='grc' dir='ltr'><em>φύσεισ</em></span> <span class='ocrx_word' id='word_1_462' title='bbox 1791 2829 1822 2864; x_wconf 89' lang='lat' dir='ltr'>L</span> 
     </span>
     <span class='ocr_line' id='line_1_44' title="bbox 239 2882 507 2934; baseline -0.015 -10"><span class='ocrx_word' id='word_1_463' title='bbox 239 2882 455 2934; x_wconf 75' lang='grc' dir='ltr'><em>ἁλμυρόδησ</em></span> <span class='ocrx_word' id='word_1_464' title='bbox 479 2887 507 2920; x_wconf 91' lang='grc' dir='ltr'>Ρ</span> 
     </span>
    </p>
   </div>
  </div>
 </body>
</html>
