2039 3251
50 890 87 923 10

47 1227 84 1261 15

48 1565 85 1598 20

510 164 574 198 DE
601 163 758 198 BELLO
783 163 882 199 IUD.
909 163 976 198 VII
1002 165 1178 198 299-307
1204 164 1279 205 (vm
1305 169 1332 195 4.
1360 164 1392 206 5)
1700 162 1780 199 609

120 276 286 326 αἰτίαις
306 279 558 333 γενομένης·
592 278 759 331 λέγεται
782 276 863 332 γὰρ
888 274 1005 332 αὑτῷ
1026 276 1102 319 τὸν
1127 274 1325 333 (Ῑ-Ιρώδην
1345 278 1474 319 τοῦτο
1496 274 1545 318 τὸ
1569 275 1781 332 φρούριον
1813 280 1892 317 300

120 344 182 394 εἷς
221 342 453 401 ὑποφυγὴν
493 343 737 398 ἑτοιμάζειν
777 344 962 386 διπλοῦν
1002 342 1288 400 ὑφορώμενον
1327 343 1547 394 κίνδυνον,
1587 341 1663 385 τὸν
1702 343 1781 395 μὲν

120 411 243 466 παρὰ
274 413 352 454 τοῦ
384 411 589 466 πλήθους
627 414 713 453 τῶν
740 407 983 462 Ἰουδαίων,
1024 411 1082 468 μὴ
1115 411 1437 461 καταλύσαντες
1479 409 1640 453 ἐκεῖνον
1679 409 1781 460 τοὺς

119 478 207 533 πρό
241 475 373 521 αὐτοῦ
401 479 613 532 βασιλέας
645 477 718 520 ἐπὶ
750 477 828 533 τὴν
861 475 992 534 άρχιξν
1023 479 1321 534 καταγάγωσι,
1359 476 1435 519 τὸν
1464 477 1599 530 μείζω
1631 477 1678 519 δὲ
1708 478 1781 520 καὶ

114 546 423 600 χαλεπώτερον
462 545 507 587 ἐκ
545 547 622 602 τῆς
660 543 979 600 βασιλευούσης
1017 544 1256 600 Αἰγύπτου
1298 543 1600 598 Κλεοπάτρας.
1671 540 1777 601 αἱῗτη
1812 547 1889 586 301

115 612 197 668 γὰρ
228 611 306 669 τὴν
338 610 470 667 αὑτῆς
493 611 666 669 γνώμην
689 610 765 654 οὐκ
787 612 969 664 ἐπεῖχεν,
1004 607 1115 653 ἄλλα
1138 612 1354 662 πολλάκις
1370 607 1592 666 Ἀντωνίῳ
1625 611 1779 666 λόγους

116 682 368 736 προσέφερε
398 678 475 722 τὸν
505 680 583 733 μὲν
609 676 809 736 “Ηρώδην
843 674 1009 722 ἀνελεῖν
1042 674 1247 729 ἀξιοῦσα,
1281 682 1561 734 χαρίσασθαι
1593 674 1633 720 δ’
1671 675 1779 736 αὐτῇ

115 746 193 803 τὴν
213 748 443 802 βασιλείαν
463 750 550 790 τῶν
576 743 800 790 Ἰουδαίων
822 748 1016 804 δεομένη.
1065 749 1137 789 καὶ
1159 749 1328 801 μᾶλλον
1351 743 1402 789 ἰὶν
1423 763 1490 797 τις
1513 745 1777 800 ἐθαύμασεν,
1811 749 1892 788 302

116 809 186 857 ὅτι
224 814 409 872 μηδέπω
450 823 543 865 τοῖς
582 815 920 870 προστάγμασιν
954 810 1188 865 Ἀντώνιος
1232 813 1469 871 ὑπακηκόει
1507 816 1647 864 κακῶς
1691 811 1775 857 ὑπὸ

115 884 192 925 τοῦ
224 881 337 938 πρὸς
369 878 503 938 αὐτὴν
536 882 697 938 ἔρωτος
728 882 1063 936 δεδουλωμένος,
1097 878 1172 935 οὐχ
1195 877 1264 924 ὅτι
1291 884 1393 937 περὶ
1417 883 1494 923 τοῦ
1513 879 1571 939 μὴ
1591 885 1778 936 χαρίσα-

116 953 230 992 σθαι
260 949 598 1006 προσεδόκησεν.
660 948 733 991 διὰ
765 949 991 999 τοιούτους
1020 949 1099 1003 μὲν
1132 949 1300 1006 φόβους
1325 946 1522 1004 Ἡρώδης
1552 948 1778 990 Μασάδαν
1811 950 1890 991 303

113 1020 511 1071 κατεσκευασμένος
534 1016 710 1070 ἔμελλεν
736 1014 965 1071 Ῥωμαίοις
997 1013 1265 1072 ἀπολείψειν
1288 1015 1411 1071 ἔργον
1433 1017 1510 1058 τοῦ
1533 1015 1647 1070 πρὸς
1672 1012 1779 1058 Ἰου-

116 1084 268 1135 δαίους
299 1086 495 1138 πολέμου
526 1085 790 1127 τελευταῖον.

229 1157 265 1194 5.
302 1151 423 1195 Ἐπεὶ
460 1152 542 1208 γὰρ
582 1151 750 1202 ἔξωθεν
789 1150 870 1210 ἤδη
911 1156 1245 1207 περιτετειχίκει
1285 1150 1433 1193 πάντα
1471 1149 1548 1193 τὸν
1578 1149 1720 1193 τόπον
1751 1148 1773 1193 ὁ
1808 1153 1889 1192 304

113 1221 200 1261 τῶν
226 1217 461 1274 Ῥωμαίων,
494 1216 554 1269 ὦς
584 1223 879 1274 προείπαμεν,
911 1217 1096 1277 ἡγεμών,
1127 1221 1201 1262 καὶ
1226 1221 1303 1261 τοῦ
1324 1218 1382 1276 μή
1404 1235 1504 1261 τινα
1525 1214 1779 1275 ἀποδρᾶναι

116 1286 331 1340 πρόνοιαν
359 1287 602 1343 ἐπεποίητο
624 1286 700 1344 τὴν
724 1283 1052 1344 ἀκριβεστάτην,
1086 1287 1288 1341 ἐνεχείρει
1310 1288 1362 1342 τῇ
1384 1286 1622 1343 πολιορκία
1641 1286 1777 1340 μόνον

117 1350 251 1409 ε’ὗρών
273 1354 347 1397 ἕνα
367 1354 508 1397 τόπον
530 1354 742 1411 ἐπιβολὴν
760 1355 976 1408 χευμάτων
1009 1354 1228 1405 δέξασθαι
1260 1353 1512 1408 δυνάμενον.
1562 1352 1673 1407 μετὰ
1694 1353 1776 1409 γὰρ
1810 1356 1889 1395 305

115 1420 192 1464 τὸν
223 1421 541 1475 διατειχίζοντα
572 1418 737 1477 πύργον
768 1421 846 1479 τὴν
877 1418 967 1464 ἀπὸ
991 1424 1067 1479 τῆς
1099 1421 1263 1471 δύσεως
1294 1418 1398 1463 ὁδὸν
1430 1416 1621 1475 ἄγουσαν
1645 1421 1708 1471 εἲς
1729 1438 1777 1464 τε

114 1487 163 1530 τὸ
195 1489 423 1542 βασίλειον
453 1490 523 1531 καὶ
556 1488 633 1546 τὴν
667 1484 908 1544 ἀκρώρειαν
930 1480 980 1546 ἦν
1001 1505 1068 1539 τις
1100 1488 1220 1544 ἐξοχὴ
1256 1488 1420 1545 πέτρας
1453 1483 1693 1545 εὖμεγέθης
1713 1490 1777 1544 τῷ

115 1555 277 1599 πλάτει
306 1558 377 1598 καὶ
411 1555 525 1598 πολὺ
557 1555 896 1612 προκύπτουσα,
929 1559 1006 1599 τοῦ
1039 1556 1084 1598 δὲ
1117 1551 1258 1610 ὕψους
1287 1558 1364 1612 τῆς
1395 1556 1622 1606 ΖΡΙασάδας
1652 1573 1777 1611 τρια-

114 1627 291 1674 κοσίους
321 1624 476 1681 πήχεις
506 1621 738 1666 ὑποκάτω·
770 1623 948 1677 Λευκὴν
975 1620 1014 1666 δ’
1043 1620 1176 1680 αὐτὴν
1209 1619 1446 1677 ὠνόμαζον.
1509 1623 1585 1667 ἐπὶ
1616 1623 1776 1680 ταύτην
1808 1625 1888 1665 306

115 1682 191 1734 οὖν
223 1687 390 1745 ἀναβὰς
420 1693 491 1733 καὶ
522 1691 749 1743 κατασχών
783 1688 916 1749 αὐτὴν
937 1688 959 1733 ὁ
984 1692 1147 1745 Σίλβας
1179 1689 1345 1733 ἐκέλευε
1365 1690 1442 1733 τὸν
1464 1688 1652 1745 στρατὸν
1672 1691 1774 1742 χοῦν

115 1758 360 1815 ἐπιφέρειν.
410 1760 496 1800 τῶν
519 1757 565 1800 δὲ
586 1758 836 1812 προθύμως
864 1761 933 1800 καὶ
964 1757 1076 1812 μετὰ
1107 1758 1273 1815 πολλῆς
1301 1757 1447 1814 χειρὸς
1478 1757 1775 1813 ἐργαζομένων

114 1825 292 1880 στερεὸν
324 1825 386 1876 εἰς
418 1825 668 1875 διακοσίους
706 1825 860 1883 πήχεις
897 1823 1064 1881 ὑψώθη
1096 1825 1145 1868 τὸ
1174 1828 1315 1879 χεῦμα.
1376 1821 1425 1867 οὗ
1457 1824 1541 1881 μὴν
1574 1821 1673 1867 οὔτε
1701 1826 1775 1878 βέ-
1807 1828 1886 1867 307

109 1897 238 1947 βαιον
270 1890 369 1936 οὕτε
401 1889 610 1948 αὔταρκες
641 1892 781 1936 ἐδόκει
810 1895 940 1936 τοῦτο
962 1892 1010 1935 τὸ
1034 1893 1192 1948 μέτρον
1215 1891 1327 1936 εἶναι
1348 1902 1442 1943 τοῖς
1471 1892 1775 1949 μηχανήμασιν

226 2071 457 2106 PAMLVRC
467 2071 766 2115 LatHegesippus
791 2071 824 2106 V
842 2074 884 2105 52
909 2082 945 2115 p.
964 2074 1041 2105 377.
1077 2071 1237 2106 Zonaras
1262 2071 1279 2105 I
1302 2083 1337 2115 p.
1357 2073 1434 2105 558.

228 2131 241 2161 1
270 2128 478 2173 γεναμένησ
502 2128 666 2162 PA¹V¹R
758 2124 872 2174 αὑτῷ]
899 2123 990 2162 αὐτὸ
1017 2127 1044 2161 Ρ
1070 2125 1175 2164 αὐτῶ
1199 2127 1262 2161 AL
1290 2125 1410 2163 ἓαυτιῦ
1434 2125 1529 2161 VRC
1646 2127 1773 2166 τοῦτο]

111 2183 151 2218 id
167 2184 284 2230 ipsum
299 2185 369 2218 Lat
438 2186 457 2217 2
476 2179 675 2229 ἀποφυγὴν
688 2182 717 2216 L
787 2180 990 2229 ε’τοιμάζην
1005 2183 1037 2217 Α
1106 2180 1360 2229 ὑφωρόμενον
1376 2183 1440 2217 PA
1509 2184 1528 2215 3
1546 2184 1614 2218 τοῦ
1630 2192 1659 2216 s.
1676 2180 1710 2216 R

111 2237 292 2286 πλήθους]
311 2236 482 2285 πλήθουσ
500 2242 568 2284 τῆσ
592 2236 779 2286 βρώσεωσ
805 2242 887 2284 (τῆσ
910 2236 1098 2285 βρώσεωσ
1114 2239 1279 2281 deletum)
1298 2239 1323 2273 C
1393 2242 1414 2272 4
1438 2239 1608 2285 βασιλεί·
1622 2250 1644 2274 σ
1661 2238 1690 2271 L
1708 2241 1776 2284 βα·

111 2296 248 2332 σιλέωσ
273 2295 299 2330 C
392 2292 437 2332 τὸ
462 2296 580 2340 μείζω
605 2294 737 2330 PAVR
761 2291 805 2331 τὸ
831 2297 964 2339 μεῖζον
988 2295 1058 2329 ML
1175 2299 1194 2330 5
1218 2292 1485 2342 βασιλειούσησ
1508 2295 1576 2330 VR
1683 2292 1775 2340 αὕτη

109 2354 143 2386 Α
168 2347 258 2397 αὐτὴ
283 2352 314 2386 L
429 2354 450 2385 6
475 2346 592 2397 αὖτῆσ
617 2350 732 2391 codd„
759 2361 850 2385 corr.
875 2351 1019 2386 Bekker
1134 2348 1317 2393 α’ντωνίω,
1343 2366 1372 2388 ω
1397 2362 1442 2386 ex
1468 2365 1512 2387 ov
1536 2361 1629 2387 corr.
1656 2350 1682 2385 C

113 2411 131 2442 7
157 2408 349 2456 προέφερε
372 2408 405 2443 R
474 2408 513 2444 δὲ
537 2407 604 2442 VR
675 2405 768 2452 αὐτὴ
793 2406 824 2440 L
850 2403 943 2453 αὗτῇ
968 2407 1111 2442 Bekker
1181 2412 1200 2442 9
1225 2405 1430 2454 ἱπηκηκόει
1452 2408 1483 2443 L
1578 2411 1618 2442 10
1645 2403 1713 2452 οὐχ
1731 2426 1776 2432 -—

116 2467 157 2499 12
180 2463 532 2508 κατεσκευασμένος
556 2474 624 2498 om.
650 2463 678 2497 P
830 2459 898 2508 οὐχ
923 2483 966 2488 -
994 2467 1029 2498 11
1058 2461 1353 2510 προσεδόκησεν]
1379 2475 1488 2509 quam
1512 2475 1587 2498 non
1610 2463 1771 2498 domina-

114 2523 232 2554 turam
263 2527 428 2565 speraret
450 2520 522 2554 Lat
663 2523 699 2554 11
739 2519 872 2561 ούτους
902 2519 971 2564 μὲν
1000 2517 1148 2566 φόβους
1172 2541 1214 2545 —
1238 2531 1274 2565 p.
1302 2522 1377 2562 611,
1404 2522 1444 2554 23
1470 2517 1493 2566 ἢ
1516 2522 1597 2568 θεῷ
1621 2519 1772 2564 primum

113 2576 297 2619 omiserat,
328 2581 412 2620 post
443 2577 584 2611 duobus
609 2576 706 2612 foliis
729 2577 947 2621 interpositis
971 2576 1152 2621 suppleuit
1174 2577 1226 2619 A;
1251 2576 1334 2611 uide
1358 2577 1612 2621 praefationem
1638 2576 1659 2619 ξ
1685 2578 1702 2609 2

113 2630 272 2679 φόβους]
297 2632 584 2677 PAMLVCLips
612 2630 783 2679 φόβουσ,
813 2636 839 2679 β
862 2632 885 2668 i.
912 2642 994 2675 ras.‚
1022 2646 1091 2668 ουσ
1115 2643 1143 2667 s.
1169 2643 1214 2667 m.
1242 2636 1260 2668 2
1285 2634 1319 2670 R
1432 2630 1606 2677 μάσαδαν
1631 2632 1658 2667 C

116 2691 156 2722 12
191 2686 580 2732 κατασκευασάμενοσ
615 2688 683 2723 MC
864 2685 971 2733 ἔμελε
1008 2688 1055 2722 R1
1238 2692 1275 2724 13
1313 2689 1466 2732 πολέμω
1503 2688 1706 2724 τελευταίω
1744 2687 1771 2722 C

115 2756 194 2779 πο*
209 2758 224 2774 *
239 2758 314 2775 *at*
329 2758 344 2775 *
359 2748 523 2781 *λευτα*
538 2754 597 2791 {ov
621 2745 649 2778 P
756 2748 798 2779 14
821 2745 844 2779 i.
869 2755 980 2788 marg.
1006 2742 1068 2790 2.y'
1096 2744 1122 2779 C
1226 2749 1266 2780 15
1292 2746 1532 2791 προείπομεν
1554 2743 1672 2778 MV2C

117 2794 289 2846 ἄποδρᾶν
313 2800 392 2834 PA²
487 2804 525 2835 16
549 2798 683 2844 μόνον]
707 2798 817 2844 μόλις
840 2800 947 2836 Niese
1039 2804 1081 2835 20
1107 2801 1157 2843 δὲ,
1182 2803 1203 2837 δ
1224 2801 1248 2836 i.
1273 2811 1342 2836 ras.
1369 2802 1401 2834 A
1426 2796 1460 2836 δ’
1485 2799 1545 2834 LC
1637 2793 1773 2844 ἕψουσ,

118 2865 149 2900 ψ
171 2854 193 2888 i.
217 2864 286 2890 ras.
312 2857 346 2890 A
436 2857 663 2902 τριακοσίασ
687 2856 716 2890 L
788 2859 828 2892 21
855 2856 893 2893 δὲ
917 2856 1013 2892 VRC
1106 2859 1146 2891 23
1173 2859 1235 2893 καὶ
1261 2867 1329 2892 om.
1356 2857 1383 2891 P
1503 2853 1772 2901 ἐργασαμένων

117 2909 214 2945 VRC
307 2913 350 2944 24
374 2913 573 2948 ὃιακοσίασ
596 2912 626 2946 L
721 2916 762 2947 25
789 2908 873 2949 οὔτ’
899 2913 958 2948 LC

184 2970 325 3006 Iosephus
342 2972 396 2999 VI.
1459 2968 1500 3000 39
