2018 3236
132 360 207 400 180

132 491 203 531 181

132 1025 208 1065 184

135 1293 210 1333 185

139 1562 214 1602 186

137 1696 213 1735 187

142 1829 218 1869 188

240 177 319 213 594
669 169 733 202 DE
758 166 916 201 BELLO
942 165 1037 200 IUD.
1063 165 1131 198 vn
1160 164 1333 198 179—188
1358 164 1403 203 (u
1431 164 1462 201 3)

239 289 345 337 ἴσως
376 286 561 339 ἔμεινει,
600 280 781 335 ἐξεκόπη
815 278 861 320 δὲ
892 274 978 319 ὑπὸ
1011 278 1099 317 τῶν
1118 273 1479 353 παραλαβόντων
1510 271 1586 314 τὸν
1617 270 1756 313 τόπον
1783 265 1888 312 Ιου-

241 355 388 396 δαίων.
447 366 523 404 της
564 347 788 403 φάραγγος
827 345 873 387 δὲ
909 346 985 399 τῆς
1023 341 1133 385 κατὰ
1173 341 1250 399 τὴν
1291 338 1447 397 ἄρκτον
1487 337 1772 394 περιεχούσης
1810 335 1889 392 τὴν

241 420 371 461 πόλιν
403 415 581 469 Βαάρας
611 410 874 467 ὀνομάζεταί
904 427 971 461 τις
1001 409 1162 461 τόπος,
1203 409 1305 465 φύει
1336 407 1457 465 ῥίζαν
1496 403 1737 460 ὁμωνύμως
1768 404 1889 458 λεγο-

240 490 368 541 ιιένην
402 479 532 537 αύτιῦ,
586 476 690 537 αύτη
719 481 849 537 φλογὶ
871 479 948 533 μὲν
969 476 1046 533 τὴν
1065 480 1218 533 χροίαν
1250 475 1376 527 εὀικε,
1408 474 1510 529 περὶ
1534 472 1579 514 δὲ
1600 471 1680 521 τὰς
1701 470 1890 525 εσπέρας

240 554 368 601 σέλας
400 546 785 604 ἀπαστράπτουσα
815 555 909 595 τοῖς
939 544 1116 587 ἐπιοῦσι
1155 544 1227 585 καὶ
1263 543 1548 596 βουλομένοις
1579 540 1726 594 λαβεῖν
1759 532 1891 593 αυτὴν

240 616 313 661 οἰκ
354 617 471 660 ε’στιν
512 615 785 670 εὐχείρωτος,
826 609 923 656 άλλ
959 610 1201 692 ὑποφεύγει
1238 612 1310 652 καὶ
1353 604 1401 651 οὗ
1442 606 1659 661 πρότερον
1697 605 1889 654 ἓσταται,

240 687 343 741 τρὶν
385 682 436 727 ἄν
475 700 542 733 τις
582 681 710 737 οὖρον
748 672 995 737 γυναικὸς
978 697 1001 735 η
1035 678 1082 720 τὸ
1122 677 1312 734 ε’μμηνον
1354 675 1463 729 αἷμα
1498 677 1572 729 χέη
1611 667 1706 714 κατ)
1746 666 1890 726 αὐτῆς.

185 766 193 773 ·
241 750 287 795 οἰ
319 751 402 808 μὴν
433 747 544 793 ἀλλὰ
575 751 645 792 καὶ
677 749 777 792 τότε
807 757 899 798 τοῖς
932 745 1180 802 ἁψαμένοις
1220 739 1442 800 πρόδηλός
1473 741 1565 784 ἐστι
1595 739 1812 789 θάνατος,
1855 735 1892 778 εἰ

238 838 294 877 μη
326 819 447 872 τύχοι
476 834 544 867 τις
576 813 708 874 αἰτὴν
740 815 903 872 εκείνην
943 813 1281 896 ἔπενεγκάμειος
1310 828 1387 868 την
1420 809 1540 888 ρίζαν
1573 807 1616 850 ἐκ
1645 809 1720 863 τῆς
1747 801 1892 859 χειρὸς

243 885 563 968 ἀπηρτημένην.
617 882 843 927 ἁλίσκεται
875 882 920 925 δὲ
950 883 1021 924 καὶ
1052 876 1160 923 καθ
1190 896 1334 935 ετερον
1364 876 1531 932 τρόπον
1563 870 1812 923 ἀκινδύνως,
1845 866 1893 918 ός

243 954 333 997 ἐστι
371 952 567 996 τοιόσδε·
616 951 754 1006 κύκλω
793 952 942 993 πᾶσαν
983 944 1116 1005 αὐτην
1158 945 1551 1001 περιορύσσουσιν,
1593 938 1651 990 (ὗς
1692 937 1804 982 εἶναι
1841 935 1890 979 τὸ

239 1020 537 1075 κρυπτόμενον
567 1021 643 1075 τῆς
674 1018 791 1074 ρι’ζης
820 1016 1104 1073 βραχύτατον
1167 1010 1247 1057 εἶτ
1284 1012 1330 1062 ἐξ
1360 1008 1492 1067 αιτῆς
1523 1006 1744 1052 άποόουσι
1774 1004 1892 1055 κύνα,

241 1084 438 1130 κάκείνου
469 1089 531 1142 τιῦ
563 1086 742 1143 ὄησαντι
785 1085 1126 1126 συνακολουθεῖν
1164 1079 1437 1136 ὁρμήσαντος
1467 1075 1491 1136 ἡ
1522 1077 1599 1131 μὲν
1637 1071 1893 1116 ἀνασπᾶται

243 1156 418 1212 ῥαόιως,
451 1153 633 1211 θνησκει
667 1148 706 1194 ὁ
744 1148 878 1201 ευθυς
900 1149 921 1193 ὁ
945 1167 1055 1192 κυων
1087 1145 1237 1202 ω’σπερ
1270 1143 1525 1194 άιτιόοθεὶς
1555 1160 1630 1185 του
1662 1140 1894 1195 μέλλοντος

242 1241 318 1278 την
346 1221 531 1278 βοτάνην
564 1216 910 1276 ἀναιρήσεσθαι·
944 1217 1084 1274 φόβος
1104 1216 1185 1272 γὰρ
1209 1213 1350 1264 οὐδεὶς
1372 1221 1464 1261 τοῖς
1483 1208 1593 1265 μετὰ
1623 1225 1762 1250 ταυτα
1785 1207 1895 1258 λαμ-

241 1290 462 1345 βάνουσιν.
523 1287 616 1330 ε’στι
646 1287 692 1328 ὂε
722 1285 831 1340 μετὰ
870 1285 1091 1328 τοσούτων
1130 1281 1337 1325 κινδύνων
1378 1278 1449 1322 διὰ
1481 1282 1586 1331 μίαι
1619 1274 1737 1328 ἰσχὺν
1768 1289 1896 1327 περι-

244 1373 281 1400 σ
274 1356 542 1405 τούόαστος·
574 1354 628 1396 τὰ
652 1371 733 1409 γαρ
767 1352 1011 1406 καλούίιεια
1043 1350 1263 1404 δαιμόνια,
1295 1365 1432 1389 ταυτα
1465 1346 1511 1387 ὄὲ
1542 1344 1746 1399 πονηρῶν
1778 1355 1895 1382 εστιν

245 1421 498 1480 ἀνθρώπιον
541 1422 771 1475 πνεύματα
808 1429 901 1470 τοῖς
948 1419 1077 1463 Διῦσιν
1122 1415 1381 1469 εἰσδυόμενα
1423 1414 1493 1455 καὶ
1533 1415 1757 1453 κτείνοντα
1795 1422 1896 1456 τοις

243 1494 457 1548 βοηθείας
488 1490 546 1546 μὴ
578 1488 878 1545 τυγχάνοντας,
911 1481 1016 1541 αύτη
1047 1499 1212 1537 ταχεως
1243 1480 1480 1532 εξελαύνει,
1511 1472 1588 1521 κάν
1619 1475 1897 1531 προσενεχθῇ

246 1558 378 1613 μόνον
416 1565 509 1606 τοῖς
547 1559 739 1599 νοσοῦσι.
800 1556 948 1610 ῥέουσι
987 1553 1033 1594 ὸὲ
1072 1553 1144 1593 καὶ
1183 1551 1362 1603 θερμῶν
1401 1545 1572 1589 ἱιόάτων
1612 1545 1749 1600 πηγαὶ
1787 1540 1895 1583 κατὰ

245 1625 320 1667 τὸν
350 1624 490 1667 τόπον
521 1622 634 1666 πολυ
665 1621 743 1678 την
773 1623 917 1676 γεῦσιν
950 1615 1145 1675 ἆλληλων
1177 1617 1489 1673 διαφέρουσαι·
1522 1613 1678 1666 πικραὶ
1709 1626 1787 1664 μεν
1817 1624 1897 1664 γαρ

248 1689 389 1735 αυτιῦν
420 1693 534 1740 τινές
566 1689 697 1740 εἰσιν,
732 1689 775 1730 αἱ
810 1688 855 1729 de
885 1685 1143 1742 γλυκύτητος
1175 1680 1298 1726 σι’ὄεν
1331 1679 1672 1724 ἀπολείπουσαι.
1733 1676 1896 1718 πολλαὶ

249 1760 294 1802 δὲ
324 1760 394 1801 καὶ
438 1759 614 1813 ψιχριῦν
655 1753 826 1798 υόάτων
866 1750 1099 1801 άναόόσεις
1139 1768 1186 1793 ου
1218 1750 1352 1804 μόνον
1393 1765 1435 1790 εν
1467 1749 1528 1788 τιιῖ
1563 1742 1898 1799 χθαμαλωτέρω

250 1843 328 1877 τας
359 1841 503 1907 πηγας
509 1821 842 1906 παραλληλους
874 1821 1062 1903 έχουσαι,
1096 1813 1192 1860 άλλ
1220 1810 1324 1899 (ὃς
1307 1834 1358 1858 αν
1388 1833 1460 1857 και
1490 1812 1656 1867 μᾶλλόν
1686 1826 1752 1860 τις
1782 1813 1898 1850 θαυ-

360 1934 835 1971 PAMLVRCLatZonaras
860 1932 877 1965 Ι
901 1942 935 1975 p
962 1934 1039 1964 554.

362 1996 377 2027 1
405 1988 581 2036 εξεκόπη,
605 2004 627 2025 κ
652 2000 695 2023 ex
720 1999 811 2023 corr.
837 1989 869 2021 A
983 1982 1019 2022 δ’
1046 1986 1072 2020 C
1188 1998 1240 2020 τω
1257 1998 1271 2013 a*
1290 1997 1305 2013 *
1325 1997 1370 2013 *r*
1390 1997 1404 2012 ιε
1423 1978 1642 2028 Ιλαβόντων
1676 1978 1703 2011 Ρ
1818 1973 1899 2017 τὸν]

249 2069 291 2107 τὸ
319 2071 350 2104 R
466 2072 484 2102 2
510 2069 547 2105 δὲ
574 2082 650 2098 Η*
669 2063 785 2112 Ικατὰ
812 2067 839 2100 Ρ
955 2068 974 2098 3
999 2061 1103 2110 βαὰρ
1126 2062 1240 2098 LZon
1271 2066 1399 2108 βαρασ
1430 2068 1469 2099 (s
1494 2069 1538 2094 m
1565 2060 1596 2099 2)
1622 2057 1653 2091 V
1685 2055 1815 2091 hala-as
1839 2057 1901 2088 aut

248 2127 287 2160 (11
290 2127 377 2161 abas
400 2126 470 2159 Lat
563 2139 578 2155 ιε
597 2139 612 2154 ις
630 2138 645 2154 *
665 2120 841 2168 Ιμάζεται
866 2122 893 2155 Ρ
985 2119 1080 2165 φιέι]
1108 2116 1191 2165 (ρι’-ει
1216 2131 1256 2154 τε
1283 2117 1307 2152 C
1333 2115 1615 2160 ubi—qiqm'fflm
1639 2112 1708 2146 Lat
1731 2113 1792 2146 καὶ
1818 2107 1899 2156 φύει

247 2183 322 2217 Zon
351 2177 392 2223 ὃς
417 2194 499 2226 ᾳύει
524 2179 717 2222 Destinon;
744 2181 862 2223 potest
885 2177 989 2212 etiam
1014 2177 1049 2210 in
1074 2176 1168 2210 hunc
1192 2174 1333 2209 modum
1353 2171 1527 2207 sententia
1544 2168 1683 2203 restitui
1700 2180 1754 2208 τις
1771 2163 1901 2208 τόπος,

252 2235 401 2284 Βαάρας
421 2233 659 2280 ὀνομάζεται,
678 2232 759 2279 φιέι
779 2232 887 2279 ῥίζαν
957 2231 1116 2278 λέγομέν
1131 2246 1145 2261 *
1166 2230 1232 2275 *11³
1301 2234 1319 2263 4
1340 2223 1443 2274 αύτη]
1470 2222 1560 2272 αύτῆ
1578 2225 1655 2259 ΡΑι
1722 2220 1846 2269 χρόαν
1871 2221 1901 2255 L

251 2297 285 2328 et
310 2303 353 2327 ex
378 2303 468 2327 corr.
495 2293 527 2325 A
549 2288 686 2337 χροιὰν
710 2289 923 2325 MVRGZon
1028 2291 1046 2321 5
1072 2290 1163 2329 τοῖς]
1189 2292 1273 2322 τοῖσ
1297 2283 1330 2321 δ’
1358 2286 1386 2319 L
1487 2279 1736 2329 βουλομένοισ
1761 2282 1902 2325 λαβεῖν,

251 2353 293 2385 λο
320 2359 362 2383 ex
387 2345 431 2384 λό
457 2358 569 2389 corr.,
593 2347 660 2380 litt.
687 2358 723 2381 ισ
748 2349 878 2391 λαβεῖν
901 2344 924 2379 i.
950 2353 1021 2378 ras,
1048 2345 1067 2376 6
1092 2344 1159 2377 litt.
1184 2343 1217 2376 A
1346 2344 1364 2375 6
1390 2335 1604 2385 οἷχείρωτοσ
1628 2336 1675 2369 R¹
1802 2330 1901 2375 ἀλλ’]

251 2401 316 2441 (ἕλ’
341 2406 372 2438 Α
466 2407 482 2437 ἵ
510 2405 608 2449 πρὶν]
634 2404 698 2447 πρὶ
723 2401 752 2435 L
845 2396 1036 2446 γυναικὸσ,
1063 2395 1109 2434 ὸσ
1133 2399 1155 2432 i.
1182 2408 1252 2434 ras.
1270 2399 1301 2431 A
1393 2389 1573 2440 ἐμμήνιον
1598 2392 1624 2426 C
1700 2391 1902 2434 καταυτιῖσ,

254 2474 269 2496 τ
290 2460 418 2505 suppl.‚
445 2473 512 2495 αυτ
530 2460 727 2494 correctum
744 2457 815 2492 uid.
834 2458 866 2490 A
937 2459 955 2490 9
974 2454 1090 2500 τύχοι]
1109 2452 1177 2491 τύ*
1192 2468 1207 2485 ι
1228 2454 1254 2487 Ρ
1272 2448 1361 2498 τύχη
1377 2450 1581 2486 LVRCZon
1665 2445 1707 2482 ἐκ
1724 2459 1770 2482 τ*
1785 2460 1800 2476 *
1814 2444 1902 2490 Ιχει·

256 2513 326 2560 ρὸσ
351 2515 378 2549 P
519 2519 557 2549 10
582 2511 677 2550 καθ’
702 2511 846 2559 ἕτερον]
871 2508 967 2548 κατὰ
994 2508 1161 2556 θάτερον
1186 2509 1224 2543 Μ
1367 2504 1525 2552 τρόπον]
1553 2502 1738 2548 ***17ῑον
1762 2501 1789 2534 P

255 2576 291 2606 12
319 2568 397 2607 εἶτα
423 2571 489 2606 VR
580 2568 628 2612 ἐξ,
654 2582 671 2605 ε
696 2579 739 2603 ex
765 2582 786 2604 α
812 2578 903 2603 corr.
928 2567 961 2602 A
1068 2569 1108 2600 14
1134 2565 1171 2602 δὲ
1195 2565 1260 2599 VR
1374 2559 1519 2599 εὖθέωσ
1542 2560 1572 2594 L
1689 2561 1728 2592 15
1752 2553 1838 2603 γὰρ]
1865 2555 1903 2591 δὲ

250 2627 339 2669 Z0n‚
365 2627 422 2670 qui
451 2629 489 2660 14
515 2620 644 2672 ὥσπερ
671 2645 711 2649 -—
741 2628 777 2658 15
803 2620 1075 2669 ἀναιρήσεσθαι
1102 2632 1169 2656 om.
1267 2622 1306 2654 16
1331 2616 1388 2655 διὰ
1413 2629 1440 2652 s.
1467 2618 1493 2651 C
1563 2610 1903 2661 περισπούδαστοσ,

254 2695 275 2717 σ
300 2682 406 2716 finale
430 2691 473 2716 ex
499 2695 518 2716 ν
543 2691 632 2716 corr.
657 2681 689 2714 A
715 2677 1019 2725 περισπούδατοσ
1045 2678 1071 2712 C
1189 2679 1225 2710 17
1253 2675 1302 2716 δὲ]
1328 2670 1361 2710 δ’
1386 2672 1447 2710 ἐπὶ
1471 2673 1500 2706 L
1619 2672 1657 2703 18
1683 2665 1903 2713 οἷνθρώπων

253 2736 352 2773 ἐστὶν
376 2741 419 2770 tr.
444 2737 474 2771 L
612 2734 823 2779 πνεύματα,
855 2747 904 2768 πν
933 2743 977 2767 ex
1001 2742 1090 2766 corr.
1115 2732 1148 2764 A
1172 2734 1246 2766 ᾖ(
1271 2730 1304 2765 R
1446 2731 1482 2763 19
1508 2723 1695 2772 τυχόντασ
1721 2723 1789 2758 ML

255 2797 295 2827 20
320 2794 342 2828 i.
367 2803 476 2835 marg.
502 2793 564 2827 κδ’
590 2791 616 2825 C
701 2789 838 2836 ῥέουσι,
864 2804 875 2824 ι
899 2789 922 2822 i.
947 2798 1017 2822 ras,
1042 2787 1175 2821 maiore
1192 2788 1224 2821 A
1320 2782 1430 2825 κατὰ]
1454 2778 1599 2819 κατατὰ
1626 2781 1652 2815 C
1745 2781 1785 2813 22
1812 2773 1903 2814 ἄπο-

254 2851 419 2885 λείπουσι
447 2852 502 2890 (-
521 2860 580 2883 σιν
596 2846 672 2887 LV)
690 2845 861 2880 AMLVR
932 2845 974 2877 24
991 2839 1242 2888 παραλλήλωσ
1258 2840 1416 2876 PALVC
1434 2834 1683 2885 παραλλήλων
1699 2836 1732 2870 R
1748 2834 1904 2869 alternos

254 2906 323 2940 Lat
415 2901 562 2949 ἔχουσιν
587 2900 745 2936 ALVRC
771 2903 805 2935 et
829 2900 910 2934 fort.
940 2898 1007 2933 Lat

1922 880 1958 913 10

1928 1213 1962 1245 15

1930 1549 1966 1581 20
