2018 3236
136 280 217 320 436

138 415 217 452 437

139 680 218 721 438

141 950 221 988 430

141 1151 221 1188 440

142 1285 219 1323 441

147 1552 229 1591 442

248 166 329 202 404
578 164 644 197 DE
669 162 827 207 BELLO
852 161 949 197 IUD.
974 162 1024 196 IV
1050 162 1227 195 435—442
1251 163 1311 202 (vn
1340 167 1367 192 5.
1395 167 1424 192 e.
1452 165 1510 191 vm
1540 164 1568 203 1)

250 277 455 325 εκοισίως
495 272 678 329 ἄπειροι
717 264 781 329 ἧν.
841 272 1039 315 ἑάλωσαν
1071 273 1118 314 δὲ
1149 274 1251 327 περὶ
1282 273 1520 325 δισχιλίοις
1548 275 1620 316 καὶ
1652 273 1900 322 διακοσίους

250 345 346 385 λεία
367 360 413 384 τε
434 339 714 396 παμπληθὴς
745 337 856 382 όνων
887 356 934 381 τε
964 341 1037 381 καὶ
1067 338 1303 394 προβάτων
1333 340 1406 381 καὶ
1434 339 1638 396 καμήλων
1668 341 1741 382 καὶ
1769 342 1900 393 βοων.

361 412 397 451 6.
425 404 654 457 [ουδαίοις
673 408 751 461 μὲν
774 404 848 449 οὖν
870 402 994 449 οὐδὲν
1023 405 1214 448 ελάττων
1244 404 1320 462 ἥδε
1350 423 1375 463 η
1408 405 1550 463 πληγὴ
1581 409 1902 483 προσπεσοῦσα

250 478 321 518 καὶ
352 493 404 529 με
388 474 448 517 είῗ.
453 492 511 516 ων
542 475 687 524 ε’δοξεν
719 473 874 530 ἑαυτῆς
906 472 978 516 δια
1009 472 1058 515 τὸ
1090 471 1148 530 μὴ
1180 473 1312 526 μόνον
1342 472 1419 530 τὴν
1447 491 1592 527 χωραν
1625 469 1804 516 ἅπασαν
1836 469 1896 516 δι’

252 540 299 600 ἧς
321 543 503 599 ἔφευγον
525 543 820 598 πληρωθῆναι
842 540 980 597 φόνου
1011 540 1121 596 μηδὲ
1152 549 1316 593 νεκροῖς
1348 539 1558 594 διαβατὸν
1588 543 1798 596 γενέσθαι
1827 539 1903 583 τὸν
1935 550 1947 557 “

246 606 482 666 Ἰορδάνην,
530 607 845 665 ἐμπλησθῆναι
890 608 935 650 δὲ
980 611 1067 650 τῶν
1114 607 1328 661 σωμάτων
1373 608 1446 649 καὶ
1489 606 1567 662 τὴν
1606 604 1902 665 Ἀσφαλτικὴν

252 678 424 734 λίμνην,
462 675 524 725 εἷς
553 675 604 730 ἠν
635 676 928 731 παμπληθεῖς
959 673 1045 717 ὑπὸ
1079 677 1156 717 τοῦ
1185 677 1389 728 ποταμοῦ
1420 675 1729 732 κατεσύρησαν.
1779 675 1905 717 Πλά-

250 745 371 793 κιδος
403 744 448 785 δὲ
481 743 602 799 δεξιᾷ
630 743 732 799 τύχῃ
762 741 982 797 χριόμενος
1013 737 1211 798 ὥρμησεν
1244 741 1319 784 ἐπὶ
1349 741 1428 792 τὰς
1459 742 1590 795 πέριξ
1618 744 1829 795 πολίχνας
1858 759 1905 785 τε

250 812 319 852 καὶ
352 811 512 863 κώμας,
544 809 986 863 καταλαμβανόμενός
1017 826 1064 851 τε
1087 808 1244 862 Ἄβιλα
1274 811 1346 852 καὶ
1372 805 1589 852 Ἰουλιάδα
1618 811 1689 852 καὶ
1722 808 1904 866 Βησιμὼ

251 877 328 927 τάς
359 894 405 919 τε
434 881 559 932 μέχρι
591 875 696 934 [τῆς]
723 873 1063 933 Ἀσφαλτίτιδος
1094 876 1244 926 πάσας
1276 876 1587 933 ἐγκαθίστησιν
1618 876 1775 932 ἑκάστῃ
1806 875 1908 926 τοὺς
1937 884 1975 916 10

255 945 531 1001 επιτηδείους
551 961 636 986 των
660 940 928 997 αὐτομόλων
980 961 1136 987 επειτα
1158 943 1370 994 σκάφεσιν
1396 943 1612 1000 επιβήσας
1641 943 1743 994 τοὺς
1774 959 1906 998 στρα-

253 1012 413 1062 τιωτας
435 1013 550 1067 αἱρεῖ
570 1010 670 1060 τοὺς
701 1011 763 1061 εἷς
792 1011 868 1068 τὴν
900 1013 1053 1068 λίμνην
1084 1012 1450 1088 καταφεύγοντας.
1498 1014 1570 1054 καὶ
1600 1011 1655 1053 τὰ
1686 1011 1762 1065 μὲν
1795 1010 1908 1053 κατὰ

253 1097 328 1135 την
359 1083 558 1133 Περαίαν
590 1078 923 1134 προσεχώρησεν
954 1072 980 1134 ἷ7
1011 1078 1126 1120 εάλω
1158 1079 1304 1121 πάντα
1333 1082 1458 1134 μέχρι
1489 1081 1842 1134 Ἦαχαιροῦντος.

365 1148 476 1190 VIII.
512 1151 545 1188 1.
575 1142 638 1188 Εν
661 1146 707 1187 δὲ
728 1145 869 1201 τούτῳ
900 1145 947 1188 τὸ
982 1148 1085 1200 περὶ
1117 1145 1192 1203 τὴν
1214 1148 1436 1188 Γαλατίαν
1468 1141 1719 1201 αγγέλλεται
1749 1149 1907 1202 κίνημα

253 1215 323 1255 καὶ
362 1210 542 1264 Οὗίνδιξ
576 1212 666 1267 ἅμα
703 1223 796 1263 τοῖς
827 1213 1028 1264 δυνατοῖς
1058 1215 1144 1255 τῶν
1176 1213 1423 1269 ἐπιχωρίων
1455 1209 1659 1269 ἀφεστώς
1689 1216 1907 1267 Νέρωνος,
1937 1219 1975 1252 15

255 1283 357 1333 περὶ
397 1277 457 1323 (ὗν
498 1280 541 1323 ἓν
581 1277 904 1361 ἀκριβεστέροις
943 1277 1285 1336 ἀναγέγραπται.
1352 1276 1688 1324 Οὐεσπασιανὸν
1721 1276 1762 1321 δ’
1800 1279 1909 1334 ἐπή-

253 1364 392 1403 γειρεν
433 1348 494 1398 εἷς
524 1366 600 1406 την
631 1346 768 1404 ὁρμην
799 1350 875 1390 τοῦ
907 1349 1102 1402 πολέμου
1132 1348 1187 1390 τὰ
1218 1344 1455 1425 ηγγελμένα
1485 1347 1796 1403 προορώμενον
1826 1343 1907 1403 ἤδη

255 1415 355 1465 τοίς
375 1417 613 1469 μέλλοντας
635 1416 873 1472 εμφιλίους
894 1416 1115 1469 πολέιιοις
1136 1417 1207 1458 καὶ
1238 1414 1313 1457 τὸν
1345 1410 1447 1472 όλης
1478 1416 1673 1458 κίνδυνον
1704 1416 1782 1471 τῆς
1811 1411 1910 1469 ἡγε-

257 1487 433 1535 μονίας,
474 1500 517 1524 εν
555 1486 588 1537 q)
630 1497 973 1560 προειρηνευσας
1012 1481 1066 1524 τὰ
1106 1482 1215 1524 κατὰ
1246 1499 1325 1539 την
1357 1479 1571 1539 ἀνατολὴν
1603 1482 1910 1538 επικουφίσειν

262 1546 370 1604 (7Ῐετο
392 1548 492 1599 τοὺς
512 1566 621 1591 κατα
643 1567 693 1605 τη
700 1567 721 1591 ν
736 1544 923 1592 Ιταλίαν
945 1549 1126 1606 φόβοις.
1179 1549 1259 1600 ε’ως
1282 1567 1361 1604 μεν
1393 1547 1468 1592 οὖν
1500 1549 1668 1604 επεῖχεν
1699 1566 1721 1592 ο
1750 1547 1912 1603 χειμών
1942 1556 1980 1588 20

259 1615 338 1665 τὰς
384 1614 631 1672 ὑπηγμένας
677 1586 987 1672 διησφαλίζετο
1035 1617 1183 1670 κώμας
1226 1633 1274 1659 τε
1315 1619 1388 1659 καὶ
1431 1618 1642 1670 πολίχνας
1684 1626 1909 1674 φρουραῖς,

374 1771 603 1806 PAMLVRC
616 1771 917 1815 LatHegesippus
941 1771 991 1805 IV
1018 1774 1058 1805 15
1083 1782 1117 1815 p.
1144 1775 1221 1807 247.
1870 1816 1872 1818 7

377 1831 391 1862 1
418 1827 531 1863 XCII
549 1827 647 1861 milia
672 1832 704 1861 el
724 1826 780 1861 CC
799 1827 876 1870 Heg
991 1830 1009 1860 2
1036 1831 1277 1873 παμπληθεῖσ
1301 1828 1358 1862 ΡΟ
1472 1841 1511 1863 τε
1537 1838 1604 1862 om.
1631 1828 1737 1862 MVR
1849 1830 1913 1863 καὶ

260 1881 437 1928 καμήλων
467 1886 530 1918 καὶ
558 1886 666 1930 βοῶν
693 1886 756 1919 καὶ
786 1877 995 1929 προβάτων
1024 1887 1068 1917 tr.
1092 1883 1122 1917 L
1260 1886 1278 1916 3
1305 1880 1410 1919 οὐδὲν
1434 1882 1614 1924 ἐλάττων]
1646 1884 1811 1928 quamuis
1841 1894 1913 1928 par

260 1940 503 1985 superioribus
519 1940 588 1974 Lat
603 1941 764 1975 maxima
781 1940 857 1983 Heg
873 1935 1045 1983 οὐδεμιᾶς
1061 1936 1226 1975 ἐλάττων
1242 1938 1454 1973 Herwerden
1524 1937 1681 1975 ἔλαττον
1694 1939 1755 1973 ΡΑ
1768 1936 1912 1975 ἐλάττω

263 2030 291 2063 L
311 2011 456 2073 Ιλαττὲίι
488 2029 515 2064 C
651 2024 715 2074 ἥδε
753 2026 787 2075 ἡ]
826 2026 846 2075 ἡ
884 2030 921 2066 δὲ
952 2029 982 2063 L
1119 2032 1140 2062 4
1168 2030 1298 2072 μεῖζον
1330 2028 1360 2061 L
1497 2025 1622 2070 ἔδοξεν
1652 2039 1719 2063 om.
1751 2029 1778 2063 C

264 2082 380 2131 αι’·τῆσ
404 2085 433 2119 L
571 2090 590 2119 6
623 2085 675 2126 δὲ]
707 2099 747 2121 τε
772 2086 801 2119 L
935 2082 1190 2130 Ἀσφαλτικὴν]
1223 2079 1446 2129 α’σφαλτίτιν
1475 2089 1532 2123 (——
1556 2090 1627 2120 ἷτιν
1650 2085 1721 2126 LC)
1746 2084 1912 2120 MLVRC

263 2141 444 2187 asfaltites
482 2142 551 2176 Lat
588 2142 791 2187 asplmltz'us
823 2141 900 2184 Heg
1060 2143 1076 2173 7
1111 2138 1307 2182 Πλάκιδος]
1338 2141 1349 2184 Η
1365 2137 1519 2175 λα’κιδοσ
1551 2139 1576 2173 C
1617 2143 1656 2181 (π
1694 2151 1762 2175 om.
1800 2141 1914 2176 rubri-

264 2202 374 2239 cator)
467 2200 485 2232 8
511 2195 612 2243 τύχῃ]
638 2201 694 2242 τῆι
718 2195 820 2243 τύχηι
844 2196 874 2230 L
898 2196 981 2231 fort.
1006 2198 1104 2231 recte
1181 2198 1200 2230 9
1224 2193 1543 2242 καταλαβόμενόσ
1568 2196 1638 2230 ML
1731 2194 1868 2240 ἄμιλαν
1883 2197 1914 2231 L

264 2252 386 2300 ἄβηλα
411 2254 438 2288 C
461 2254 560 2288 adila
585 2253 685 2288 codd.
710 2254 828 2288 Berol.
855 2256 890 2286 et
913 2252 994 2288 Vat.
1020 2252 1090 2286 Lat
1113 2252 1243 2287 abilam
1268 2251 1345 2294 Heg
1455 2251 1596 2287 ἰουλίδα
1622 2251 1649 2285 C
1764 2250 1913 2298 Βησιμὼ

264 2353 343 2395 τάς]
380 2354 411 2386 Α
445 2347 665 2400 βησιμαῖτασ
694 2354 722 2388 Ρ
760 2324 939 2400 βῖτσιμὼθ
976 2351 1048 2389 τάσ
1077 2353 1107 2387 L
1144 2351 1319 2398 βησιμώθ
1358 2349 1429 2387 τάσ
1464 2352 1598 2387 MVRC
1636 2352 1813 2388 besemotlz
1845 2352 1917 2387 Lat

265 2409 464 2443 betleesmon
486 2409 562 2452 Heg
702 2413 740 2444 10
766 2413 830 2455 τῆς
854 2421 920 2445 om.
947 2409 1049 2443 PAM
1188 2412 1223 2442 11
1251 2405 1442 2454 ἐπιβήσας]
1467 2402 1697 2455 ἐπιβιβασασ
1720 2407 1779 2442 LC

270 2468 308 2499 12
340 2464 447 2511 αἱρεῖ]
482 2462 577 2511 αἴρει
602 2466 664 2500 ΡΑ
693 2462 842 2513 οἷναιρεῖ
865 2465 998 2500 MVRC
1022 2464 1163 2509 subeqz't
1185 2464 1254 2498 Lat
1388 2461 1710 2510 καταφεύγοντας]
1736 2473 1778 2497 ex
1801 2476 1916 2499 κατα-

267 2519 461 2566 φυγόντασ
491 2532 582 2555 corr.
614 2522 651 2554 M
682 2519 979 2567 καταφυγόντασ
1011 2519 1104 2555 VRC
1232 2517 1342 2560 κατὰ]
1373 2522 1458 2565 περὶ
1490 2519 1519 2552 L
1662 2522 1699 2553 13
1732 2521 1914 2565 Περαίαν]

267 2579 428 2620 πορείαν
451 2577 478 2610 Ο
613 2574 647 2622 ἢ]
679 2577 756 2623 ἐνῆι
780 2578 811 2612 L
840 2577 970 2622 ubique
993 2577 1063 2610 Lat
1200 2578 1240 2609 14
1268 2574 1335 2620 τὴν
1359 2577 1561 2620 γαλατίαν,
1591 2577 1630 2611 τί
1652 2576 1675 2610 i.
1699 2584 1768 2610 ras.
1796 2575 1822 2609 C
1846 2578 1916 2620 τῆσ

267 2635 453 2678 γαλατίασ
478 2632 694 2675 PAMLVR,
719 2638 758 2667 ut
781 2633 824 2667 de
848 2630 914 2674 τὰς
938 2633 1127 2673 Γαλατίας
1150 2631 1263 2674 possis
1289 2632 1442 2674 cogit-are
1537 2635 1576 2665 16
1600 2630 1642 2667 ἐν
1665 2629 1792 2673 ἄλλοις
1815 2626 1917 2676 οἷκρι-

267 2733 451 2779 βέστερον
467 2732 588 2766 Naber
700 2731 738 2769 δὲ
758 2733 885 2769 LVRC
1000 2701 1137 2778 ἐπήέἔιιι
1159 2733 1190 2766 Α
1305 2735 1343 2765 17
1370 2727 1597 2777 η’γγελλμένα
1622 2734 1653 2766 A
1770 2733 1809 2765 18
1833 2730 1916 2775 μὲλ-

268 2792 403 2829 λοντας
426 2799 494 2822 om,
520 2788 546 2820 P
570 2787 650 2821 fort.
676 2791 772 2822 recte
907 2792 976 2834 τῆσ
999 2786 1206 2834 ἣγεμονίασ
1229 2786 1270 2823 ἐν
1294 2788 1322 2822 ὠ
1348 2787 1371 2822 i.
1396 2797 1467 2821 raS.
1492 2787 1523 2821 V
1663 2789 1701 2822 19
1725 2785 1918 2832 ἐπικουφί·

269 2847 346 2888 ζειν
369 2845 398 2877 L
492 2846 533 2877 20
565 2842 712 2878 ἓταλίαν
737 2844 762 2878 C
853 2841 923 2888 μὲν
955 2855 1021 2879 om.
1046 2844 1112 2879 VR
1202 2841 1362 2889 ἐπεῖχεν]
1395 2843 1556 2877 obstante
1580 2845 1648 2877 Lat
1738 2845 1779 2878 21
1804 2838 1915 2888 ὑπηγ-

269 2901 395 2945 μένας]
419 2899 586 2934 subactos
609 2899 749 2934 interim
773 2899 844 2933 Lat
