1987 3246
157 197 311 233 XXXVI
887 194 1077 230 Praefatio.

159 315 280 354 rexit.
331 308 512 362 denique
533 309 637 350 folia
658 307 892 360 deperdita,
924 307 977 350 de
1000 309 1151 361 quibus
1172 321 1299 362 supra
1321 310 1376 362 (p.
1399 308 1513 358 VIII)
1545 308 1703 350 dictum
1735 313 1809 360 est,

160 378 354 431 suppleta
394 378 489 417 sunt
526 372 695 415 saeculo
735 374 822 416 fere
852 374 931 416 XV
972 387 1025 416 ex
1064 374 1210 417 codice
1250 376 1416 428 generis
1456 376 1641 418 melioris
1682 375 1809 417 simili

160 444 349 486 Parisino
381 445 423 483 et
451 441 744 483 Ambrosiano.

717 612 738 656 ἓ
770 611 793 646 7
834 608 887 649 de
919 608 1135 651 codicibus
1166 607 1252 649 VR.

272 709 450 751 Breuius
472 708 678 762 disputari
701 714 840 762 potest
860 709 913 751 de
935 709 1152 751 codicibus
1174 709 1340 761 generis
1372 707 1605 762 deterioris,
1637 721 1811 762 quorum

160 777 324 819 indoles
347 789 401 818 ex
432 776 505 828 eis,
538 788 646 828 quae
677 789 804 829 supra
835 776 948 818 dicta
979 780 1085 828 sunt,
1117 775 1219 817 satis
1250 776 1439 829 intellegi
1469 780 1620 830 potest.
1672 776 1813 817 multis

161 845 289 897 igitur
327 843 430 885 locis
470 844 655 896 corrupti
695 849 736 884 et
774 857 800 884 a
837 843 1020 885 librariis
1058 855 1135 884 nec
1175 843 1276 884 satis
1313 842 1448 884 doctis
1478 856 1615 895 neque
1646 842 1813 884 omnino

162 910 342 952 indoctis
391 910 631 962 interpolati
673 914 713 951 et
751 910 995 963 pertractati
1034 913 1129 951 sunt
1166 910 1381 962 multoque
1421 903 1593 951 minoris
1631 907 1815 950 faciendi

162 983 256 1019 sunt
294 989 419 1029 quam
450 976 522 1017 PA
561 989 654 1018 cum
685 976 726 1017 M
767 981 808 1018 et
838 977 892 1029 L3
931 990 1010 1019 nec
1049 982 1189 1018 tamen
1229 977 1343 1017 omni
1383 981 1525 1017 carent
1555 976 1814 1027 auctoritate,

163 1058 256 1086 cum
277 1057 361 1086 non
382 1056 475 1084 raro
501 1044 580 1085 soli
610 1056 756 1085 uerum
787 1043 1026 1086 exhibeant.
1078 1043 1200 1085 huius
1230 1048 1371 1085 autem
1401 1043 1658 1085 recensionis
1688 1045 1816 1084 testes

163 1111 348 1152 maxime
370 1110 521 1152 sinceri
552 1116 648 1152 sunt
669 1111 755 1167 VR,
788 1124 963 1163 quorum
995 1123 1221 1152 consensus
1252 1114 1391 1152 tantus
1423 1115 1498 1163 est,
1530 1115 1574 1151 ut
1605 1110 1732 1151 etiam
1762 1108 1815 1150 ad

163 1178 338 1219 minima
369 1177 589 1229 pertineat,
621 1178 737 1219 uelut
765 1177 1069 1232 apostrophum
1091 1182 1131 1220 et
1162 1178 1190 1218 ῐ
1219 1178 1464 1231 paragogici
1495 1190 1628 1219 usum.
1688 1188 1817 1229 quare

162 1258 272 1286 nunc
294 1257 344 1285 ea
365 1247 525 1284 tantum
547 1243 818 1285 memoranda
839 1250 945 1297 sunt,
978 1258 1087 1298 quae
1118 1245 1286 1287 tradunt
1306 1245 1602 1298 discrepantia,
1635 1244 1818 1285 maxime

163 1324 263 1353 uero
296 1324 346 1352 ea
377 1322 484 1362 quae
515 1310 595 1351 sibi
628 1311 806 1363 quisque
838 1311 965 1352 habet
994 1311 1227 1365 peculiaria
1258 1317 1299 1353 et
1329 1324 1422 1353 cum
1452 1311 1568 1352 nullo
1599 1311 1683 1352 alio
1712 1314 1817 1351 teste

165 1377 414 1419 communia.
465 1390 516 1418 ac
545 1378 726 1430 primum
751 1377 783 1417 V
815 1391 855 1430 p.
882 1381 945 1430 73,
971 1381 992 1418 7
1026 1392 1117 1420 cum
1141 1378 1402 1431 interpolatis
1424 1377 1500 1420 MC
1522 1378 1634 1429 fecit,
1666 1378 1703 1418 R
1724 1390 1817 1419 cum

165 1444 295 1497 PAL,
335 1458 374 1496 p.
409 1445 492 1495 146,
525 1445 548 1484 3
581 1444 615 1485 V
648 1457 740 1485 cum
771 1444 1036 1497 interpolatis
1066 1445 1175 1487 PAO
1207 1445 1425 1498 consentit,
1457 1445 1492 1485 R
1523 1458 1623 1486 uero
1654 1443 1708 1486 ad
1739 1443 1818 1484 ML

165 1511 339 1564 propius
370 1509 547 1562 accedit,
580 1518 621 1551 et
650 1523 690 1563 p.
717 1512 808 1562 156,
838 1514 883 1551 10
909 1512 942 1552 V
965 1525 1057 1553 cunr
1086 1511 1117 1553 G
1148 1512 1259 1564 fecit,
1291 1512 1326 1552 R
1358 1525 1450 1553 011111
1481 1512 1677 1564 reliquis3
1707 1510 1817 1552 adde

168 1593 208 1631 p.
232 1580 325 1630 246,
348 1579 424 1630 243
458 1578 551 1629 330,
575 1577 619 1628 83
652 1579 745 1631 339,
774 1580 833 1618 17.
883 1579 1005 1630 plura
1035 1578 1162 1631 igitur
1183 1578 1217 1619 V
1251 1577 1377 1620 habet
1398 1579 1636 1620 communia
1658 1591 1752 1620 cum
1774 1578 1818 1630 C,

165 1659 191 1686 a
231 1658 313 1698 quo
353 1645 537 1697 capitum
577 1657 744 1697 quoque
784 1646 1116 1686 numerationem
1157 1649 1198 1687 et
1235 1650 1484 1698 argumenta
1520 1646 1683 1687 asciuit.
1742 1658 1821 1687 nec

165 1725 302 1765 pauca
332 1711 368 1752 V
408 1710 536 1752 tradit
573 1712 686 1753 solus
724 1712 972 1764 plerumque
1002 1725 1083 1753 non
1115 1713 1335 1765 probanda
1352 1715 1401 1764 ¹),
1442 1712 1649 1754 interdum
1679 1716 1820 1754 tamen

165 1783 237 1820 aut
275 1792 376 1820 uera
413 1783 486 1819 aut
524 1778 784 1831 probabilia,
826 1779 940 1820 uelut
978 1791 1017 1831 p.
1055 1781 1144 1831 149,
1177 1782 1201 1819 4
1244 1782 1492 1827 νεανίσκους
1527 1793 1601 1833 pro
1633 1781 1818 1828 νεανίας,

167 1859 207 1898 p.
243 1847 334 1898 162,
369 1847 393 1885 6
425 1844 599 1886 exhibet
634 1844 677 1885 ἓν
707 1846 794 1885 τῶν
826 1846 958 1898 τριῶν
991 1840 1079 1886 ἀπὸ
1113 1848 1274 1899 Συρίας
1305 1841 1558 1900 ταγμάτων,
1600 1859 1708 1899 quae
1738 1860 1821 1888 non

169 1912 413 1965 displicent,
451 1924 490 1964 p.
526 1915 615 1965 163,
652 1914 699 1952 19
738 1911 866 1954 habet
897 1907 971 1952 ἐπ)
1017 1908 1254 1968 ἀμηχάνοις
1293 1915 1470 1956 fortasse
1510 1914 1660 1955 melius
1695 1926 1820 1966 quam

166 1974 244 2018 ὑπ’
293 1977 535 2032 ἀμηχανίας
580 1980 857 2033 reliquorum3
913 1980 1067 2022 deinde
1112 1981 1202 2022 sine
1249 1980 1378 2022 dubio
1423 1985 1536 2022 recte
1581 1994 1621 2034 p.
1662 1981 1763 2033 329,
1797 1983 1820 2021 2

168 2046 255 2085 τιῦν
293 2043 468 2086 πόλεων
507 2059 590 2087 11011
628 2047 714 2087 τῶν
752 2045 978 2098 πολεμίων
1010 2051 1051 2088 et
1081 2060 1120 2099 p.
1153 2048 1246 2099 387,
1278 2049 1324 2086 21
1360 2048 1522 2099 θυμοῖς
1552 2061 1634 2089 11011
1664 2041 1821 2095 ὅπλοις

170 2111 440 2166 0111ἐχθροῐς
466 2116 507 2154 01
535 2126 575 2165 p.
599 2115 693 2166 434,
716 2116 741 2153 4
773 2111 867 2153 νὲον
898 2126 981 2155 11011
1012 2111 1179 2164 νὲανῖ),
1210 2127 1310 2167 ergo
1341 2127 1393 2155 ne
1425 2113 1492 2156 hic
1523 2114 1693 2166 quidem
1726 2127 1819 2156 con-

169 2179 417 2222 temnendus
450 2184 523 2221 est.
1314 2175 1319 2179 ’

281 2247 318 2288 R
356 2259 456 2288 uero
494 2258 602 2298 quae
641 2247 755 2289 solus
793 2246 921 2289 habet
951 2251 992 2289 et
1021 2247 1223 2301 pauciora
1252 2250 1348 2289 sunt
1378 2251 1419 2289 et
1448 2247 1584 2290 minus
1617 2261 1821 2290 memora-

168 2313 284 2355 bilia.
358 2313 400 2353 in
444 2314 596 2366 quibus
640 2318 685 2355 ut
733 2315 913 2367 plurima
961 2314 1114 2356 uitiosa
1128 2315 1178 2366 3),
1231 2315 1290 2355 ita
1342 2314 1550 2367 quaedam
1603 2315 1823 2368 probanda

170 2385 274 2421 sunt.
324 2393 422 2421 nam
452 2393 493 2432 p,
517 2382 610 2432 330,
638 2382 685 2420 16
709 2376 902 2434 ἀριθμὸς
933 2381 1060 2422 tradit
1089 2382 1239 2424 melius
1270 2394 1394 2434 quam
1427 2375 1619 2435 ἀριθμὸς
1650 2380 1696 2422 δὲ
1727 2383 1820 2424 reli-

171 2449 263 2500 qui,
307 2451 349 2489 et
385 2461 426 2501 p.
457 2448 559 2500 335,
591 2449 642 2487 20
683 2461 777 2490 011111
816 2447 848 2490 C
888 2448 993 2490 bene
1035 2446 1258 2502 φάλαγγα,
1299 2452 1340 2490 01
1370 2448 1539 2501 egregie
1569 2462 1609 2502 p.
1642 2450 1736 2502 593,
1772 2453 1818 2488 15

173 2512 352 2555 ἕκαστον
395 2527 479 2556 11011
523 2512 735 2564 ἑκατόν4).
810 2514 991 2568 denique
1037 2515 1333 2558 memorandus
1379 2519 1442 2558 cst
1479 2516 1587 2558 alius
1626 2516 1742 2558 locus
1780 2516 1822 2557 ΙΙ

172 2583 194 2628 ξ
225 2584 326 2634 503,
365 2581 438 2624 ubi
468 2594 578 2623 nunc
607 2582 761 2635 legitur
790 2583 977 2629 Κέστιος
1008 2576 1205 2637 ὥρμησεν
1237 2580 1312 2624 ἐπὶ
1343 2580 1476 2623 πόλιν
1504 2580 1716 2636 καρτερὰν
1746 2583 1821 2638 τῆς

173 2647 415 2696 Γαλιλαίας
453 2646 718 2701 Χαβουλών,
764 2646 789 2704 ἢ
833 2649 1028 2690 καλεῖται
1074 2644 1261 2701 ἀνδρῶν,
1308 2647 1487 2704 διορίζει
1532 2649 1578 2690 δὲ
1616 2644 1705 2690 ἀπὸ
1744 2650 1821 2690 τοῦ

172 2712 331 2762 ἔθνους
369 2713 446 2770 τὴν
476 2714 784 2765 Πτολεμαΐδα,
824 2717 896 2758 ubi
935 2730 961 2757 a
992 2717 1081 2758 solo
1111 2717 1148 2758 R
1185 2717 1305 2760 abest
1343 2714 1369 2772 ἣ
1407 2720 1520 2759 rect-e
1558 2715 1820 2769 111111ᾶο1111·;

238 2866 242 2868 .
287 2816 317 2854 1)
342 2825 376 2857 p.
403 2815 480 2854 211,
508 2816 546 2846 17
571 2813 667 2848 solus
692 2817 756 2859 τῆς
781 2811 928 2855 πόλεως
953 2816 1030 2851 πᾶν
1054 2813 1099 2850 τὸ
1126 2810 1345 2861 ἀκρότατον
1369 2813 1476 2849 tradit
1504 2814 1730 2858 interpolata.

173 2870 204 2909 2)
221 2867 267 2902 cf.
285 2879 319 2912 p.
340 2871 415 2909 151,
434 2871 492 2911 213
513 2870 637 2912 152,6;
659 2872 733 2911 160,
752 2872 789 2912 93
808 2872 883 2911 331,
901 2873 933 2904 9.
1028 2873 1060 2912 3)
1078 2874 1118 2905 ut
1133 2881 1167 2915 p.
1188 2873 1263 2914 228,
1285 2873 1343 2914 123
1362 2872 1438 2913 338,
1456 2872 1510 2904 23.
1604 2873 1637 2911 4)
1654 2880 1688 2913 p.
1711 2872 1782 2912 152,
1803 2873 1819 2903 7

173 2933 254 2957 cum
277 2922 304 2957 P
329 2925 426 2958 recte
450 2922 708 2970 κατεκτήσατο
734 2924 854 2967 tradit,
878 2935 949 2960 non
972 2923 1245 2971 κατεστήσατο.
