2039 3251
43 881 79 914 10

43 1231 78 1263 15

42 1570 81 1602 20

540 147 606 180 DE
631 145 791 181 BELLO
817 146 914 181 IUD.
940 145 992 179 111
1018 146 1149 178 73-82
1175 145 1209 185 (V
1238 149 1264 174 1.
1291 145 1323 185 2)
1686 141 1764 177 285

105 258 317 317 δσημέραι
356 259 625 317 στρατιώτης
655 259 775 316 πάσῃ
808 263 1045 315 προθυμία
1075 258 1284 310 καθάπερ
1317 256 1360 298 ἐν
1391 256 1573 310 πολέμῳ
1603 254 1759 310 γυμνά-

107 328 238 380 ζεται.
298 327 365 371 διὸ
406 328 661 384 κουφότατα
698 327 778 378 τὰς
817 328 959 382 μάχας
1000 328 1306 382 διαφέρουσιν·
1348 322 1447 367 οὕτε
1484 322 1565 379 γὰρ
1607 318 1735 372 daza?

108 396 410 454 διασκίδνησιν
433 393 590 445 αὐτοὺς
622 393 711 438 ἀπὸ
743 398 820 453 τῆς
853 395 896 437 ἕν
929 395 1026 437 ἔθει
1060 394 1303 443 συντάξεως
1335 389 1434 435 οὕτε
1466 392 1563 441 δέος
1596 390 1767 446 ἐξίστη-

1720 339 1766 364 La

108 479 177 507 σιν
219 461 318 506 οἶῖτε
358 465 537 521 δαπανᾷ
575 464 733 515 πόνος,
775 464 929 506 ἕπεται
969 463 1015 505 δὲ
1045 461 1093 504 τὸ
1127 470 1299 516 κρατεῖν
1332 456 1399 502 ἀεὶ
1431 458 1542 501 κατὰ
1572 461 1660 501 τῶν
1692 454 1767 511 οὐχ

107 530 275 586 ὁμοίων
312 535 506 586 βέβαιον.
566 534 637 574 καὶ
680 528 755 574 οὐκ
791 525 844 573 ἂν
877 528 1067 585 ἁμάρτοι
1097 546 1163 579 τις
1196 527 1334 571 εἰπών
1365 527 1444 577 τὰς
1473 528 1552 581 μὲν
1582 527 1767 581 μελέτας

110 597 252 643 αὐτῶν
280 604 414 658 χωρὶς
446 601 632 654 αἵματος
663 598 956 653 παρατάξεις
996 613 1117 646 τας
1107 596 1378 651 παρατάξεις
1411 595 1457 637 δὲ
1488 591 1597 648 μεθ
1635 594 1823 704 αἵμα-7

107 685 183 718 τος
212 670 410 722 μελέτας.
463 664 562 710 ουδὲ
593 684 672 722 γαρ
705 666 751 716 ἐξ
781 666 1024 722 ἐπιδρομῆς
1056 660 1271 707 εὐάλωτοι
1304 666 1557 716 πολεμίοις·
1600 658 1688 718 όπη
1722 658 1763 704 δ

110 729 162 777 ‹³22›
185 735 435 790 ἐμβάλωσιν
467 752 529 814 εις
561 735 731 790 ἐχθρῶν
761 751 850 791 γην,
884 751 933 775 οι
964 735 1072 788 πρὶν
1105 728 1323 774 άπτονται
1355 730 1494 786 ιιάχις
1527 724 1548 787 η
1580 734 1769 783 τειχίσαι

111 803 426 857 στρατόπεδοι.
484 803 532 845 τὸ
577 803 622 845 δὲ
662 798 737 844 οἰκ
776 801 938 844 εἰκαῖον
979 796 1079 843 οὐδὲ
1120 796 1350 853 ανιόμαλον
1391 798 1632 853 ἐγείροισιν
1671 794 1771 839 οὐδὲ

111 871 274 921 πάντες
312 865 339 913 5³5⁸
391 867 402 881 ³

327 908 333 928 Ι

107 941 265 993 χῶρος,
307 938 628 993 ἐξομαλίζεται·
669 938 970 992 διαμετρεῖται
1010 936 1055 977 δὲ
1095 934 1354 991 παρελιιβολὴ
1390 933 1661 989 τετράγωνος
1693 930 1770 976 αι’]Ψ

108 1015 215 1056 τοῖς.
288 1009 360 1050 καὶ
405 1005 617 1048 τεκτόνων
662 1006 840 1062 πλῆθος
885 1003 1039 1046 ἕπεται
1084 1005 1170 1044 τῶν
1214 1019 1262 1045 τε
1306 1000 1420 1057 πρὸς
1464 1000 1542 1058 τὴν
1587 1001 1772 1058 δόμησιν

111 1073 359 1129 ἐργαλείων.

380 870 577 920 ατάκτως
617 869 924 924 διαλαβόντες,
965 864 1062 910 ἀλλ’
1109 868 1146 910 εἰ
1185 867 1264 921 μὲν
1296 863 1527 919 ἀνώμαλος
1558 859 1617 908 (δν
1648 865 1771 918 τύχοι

224 1156 263 1196 2.
295 1155 383 1196 Καὶ
415 1152 463 1195 τὸ
496 1153 574 1206 μὲν
606 1151 728 1195 ἔνδον
761 1151 823 1201 εἷς
855 1149 1014 1207 σκηνάς
1046 1148 1437 1204 διαλαμβάνουσιν,
1471 1148 1638 1198 ἔξωθεν
1670 1145 1710 1190 δ’
1747 1147 1768 1191 ὃ

109 1220 261 1271 κύκλος
291 1224 458 1274 τείχους
489 1217 598 1276 ὄψιν
632 1218 779 1272 ἐπέχει
809 1219 994 1274 πύργοις
1025 1217 1072 1268 ἐξ
1100 1217 1199 1260 ἴσου
1233 1216 1532 1273 διαστήματος
1561 1231 1773 1273 κεκοσμη-

1800 329 1846 367 74

1799 533 1852 571 75

110 1291 252 1342 μένος.
304 1287 378 1331 ἐπὶ
403 1289 449 1331 δὲ
470 1290 556 1330 τῶν
587 1291 899 1342 μεταπυργίων
929 1286 1031 1336 τούς
1061 1303 1108 1328 τε
1138 1281 1361 1340 ὀξυβελεῖς
1390 1287 1463 1327 καὶ
1493 1285 1773 1333 καταπέλτας
1804 1289 1856 1329 80

110 1357 182 1398 καὶ
223 1355 443 1410 λιθοβόλα
481 1357 554 1398 καὶ
595 1357 687 1397 πᾶν
724 1351 964 1411 ἀφετήριον
996 1352 1180 1410 ὄργανον
1211 1356 1439 1405 τιθέασιν,
1480 1352 1628 1394 πάντα
1661 1351 1774 1407 πρὸς

110 1423 189 1473 τὰς
208 1422 344 1477 βολάς
366 1422 533 1477 ἕτοιμα.
585 1422 723 1465 πύλαι
746 1422 792 1464 δὲ
815 1421 1201 1477 ἐνοικοδομοῦνται
1221 1425 1431 1474 τέσσαρες
1453 1417 1559 1462 καθ’
1592 1420 1774 1463 ἕκαστον

110 1494 189 1533 τοῦ
228 1490 466 1546 περιβόλου
506 1491 659 1545 κλίμα,
700 1490 814 1546 πρός
852 1507 900 1532 τε
941 1490 1142 1541 εἰσόδους
1171 1492 1259 1532 τῶν
1290 1486 1538 1544 ὑποζυγίων
1571 1484 1774 1543 εὐμαρεῖς

112 1561 183 1601 καὶ
223 1557 336 1614 πρὸς
372 1557 452 1608 τὰς
490 1556 706 1614 ἐκδρομὰς
746 1554 908 1610 αὐτῶν,
957 1558 995 1601 εἰ
1033 1561 1308 1613 κατεπείγοι,
1349 1558 1571 1599 πλατεῖαι.
1642 1556 1775 1612 ῥυμο-

110 1629 295 1681 τομοῦσι
335 1621 375 1668 δ’
421 1623 695 1676 εὐδιαθέτως
734 1626 840 1669 εἵσω
871 1625 920 1669 τὸ
955 1625 1278 1680 στρατόπεδον,
1316 1627 1389 1667 καὶ
1419 1627 1558 1679 μέσας
1588 1624 1666 1677 μὲν
1696 1622 1776 1673 τὰς

223 1795 752 1840 PAMLVRCLatHegesippus
776 1795 829 1829 III
855 1797 897 1829 24
921 1806 956 1840 p.
983 1797 1047 1829 213
1073 1795 1201 1830 Suidas
1225 1806 1255 1830 s.
1279 1794 1425 1840 μελέτη.

228 1868 242 1898 1
276 1859 467 1909 ὡσημέραι
490 1862 520 1897 Ρ
553 1858 745 1907 ὠσήμεραι
771 1861 813 1897 C¹
952 1865 971 1896 2
1005 1863 1257 1909 διαφέρουσιν]
1290 1862 1470 1909 φέρουσιν
1494 1861 1587 1895 PAL
1622 1861 1778 1896 tolerant

111 1921 181 1956 Lat
263 1916 347 1957 οὐδὲ
363 1920 396 1953 Α
478 1922 497 1954 3
523 1917 611 1956 οὔτε
635 1921 786 1970 δαπανᾷ
810 1916 943 1961 πόνος]
970 1916 1057 1955 οὔτε
1081 1916 1245 1955 δαπάναι
1271 1917 1357 1955 οὔτε
1382 1915 1507 1954 πόνοσ
1531 1917 1698 1951 PALLat

111 1981 133 2012 4
151 1976 218 2023 οὐχ
237 1974 385 2021 ὁμοίων
406 1974 578 2023 βέβαιον]
604 1972 672 2021 οὐχ
699 1971 846 2019 ὁμοίων
870 1975 915 2011 τὸ
941 1975 1102 2022 βέβαιον
1117 1975 1150 2011 V
1176 1973 1244 2021 οὐχ
1271 1973 1416 2019 ὁμοίως
1438 1975 1612 2021 βεβαίων
1627 1973 1778 2008 Hudson

114 2045 159 2068 ex
181 2034 268 2076 Lat,
300 2033 337 2067 in
369 2043 438 2077 quo
470 2036 526 2067 est
556 2031 651 2067 unde
681 2033 863 2077 sequitur,
894 2036 934 2067 ut
965 2043 1107 2078 semper
1137 2036 1310 2076 superent
1334 2041 1426 2076 quos
1449 2041 1522 2065 non
1546 2029 1667 2064 itidem
1692 2040 1776 2063 con-

110 2091 276 2134 firmatos
317 2088 522 2124 inuenerint
659 2092 677 2123 5
719 2090 783 2124 καὶ
814 2108 858 2112 -
895 2092 912 2122 7
954 2089 1114 2133 μελέτας
1153 2089 1319 2132 leguntur
1360 2086 1456 2131 apud
1495 2085 1641 2121 Suidam

114 2151 133 2182 6
163 2146 334 2193 χωΙρ·ὶσ
359 2145 387 2179 P
525 2148 543 2178 7
578 2140 675 2185 οὐδὲ]
711 2141 754 2180 οὐ
778 2144 873 2179 ALC
1011 2141 1046 2180 δ’
1079 2142 1138 2187 ἄν]
1172 2148 1240 2181 δαν
1264 2144 1291 2177 Ρ
1323 2146 1391 2179 δᾶν
1414 2143 1447 2176 Α
1587 2144 1605 2175 S
1639 2138 1776 2187 ἐμβάλ-

114 2206 228 2239 λωσιν
261 2202 287 2235 C
425 2204 444 2234 9
475 2195 510 2236 δ’
543 2200 643 2235 LVR
779 2199 1031 2247 ἐγχειροῦσιν,
1063 2201 1084 2236 i.
1117 2211 1225 2245 marg.
1257 2199 1446 2246 ἐγείρουσι
1477 2209 1522 2232 m.
1556 2201 1575 2232 2
1608 2197 1640 2232 V

118 2262 157 2294 10
180 2256 204 2304 ἢ
227 2269 296 2294 om.
320 2257 390 2292 Lat
482 2253 634 2293 ἅτάκτω
659 2257 692 2291 R
785 2255 1048 2305 διαλαβόντεσ,
1074 2271 1094 2293 0
1121 2268 1163 2291 ex
1190 2272 1219 2293 ω
1244 2267 1333 2291 corr.
1360 2256 1425 2290 AV
1518 2250 1571 2289 ὢν
1595 2264 1662 2287 om.
1688 2253 1715 2286 P

119 2317 155 2348 11
181 2315 407 2361 παρεμβολῆ
423 2314 456 2347 Α
552 2315 590 2347 12
615 2316 692 2349 τῶν
716 2317 768 2355 τε]
789 2314 926 2349 PALat
948 2313 994 2351 τά
1021 2327 1062 2350 τε
1087 2313 1232 2356 MVRC‚
1257 2324 1326 2348 om.
1351 2312 1381 2346 L
1474 2307 1540 2356 τὴν
1564 2320 1632 2344 om.
1656 2308 1686 2342 L

115 2367 278 2417 δώμησιν
300 2370 349 2404 L¹
431 2373 472 2404 13
499 2369 687 2417 ἐργαλίων
711 2370 789 2404 PA¹
813 2371 990 2417 ἐργαλεῖα
1021 2373 1076 2413 (—
1102 2371 1164 2406 λία
1189 2370 1235 2412 R)
1259 2368 1394 2404 MVRC
1478 2371 1519 2401 14
1544 2362 1692 2411 σκηνὰς]
1718 2379 1779 2411 κη-

117 2459 189 2497 νάσ
205 2460 237 2495 V
318 2460 356 2497 δὲ
378 2459 474 2496 VRO
559 2464 599 2495 15
627 2440 694 2506 6¹ch
719 2461 751 2494 A
831 2459 1000 2508 πύργοις]
1026 2463 1132 2497 etiam
1159 2460 1317 2495 turribus
1339 2459 1411 2493 Lat
1458 2481 1462 2485 -
1493 2461 1531 2491 17
1559 2452 1777 2503 ἀφετήριον,

117 2529 136 2552 ε
160 2527 203 2551 ex
227 2527 318 2553 corr.
342 2528 387 2551 m.
412 2519 432 2551 2
450 2516 477 2551 C
569 2516 715 2553 τιθέασι
739 2511 865 2554 πάντα
882 2518 952 2552 ML
977 2517 1147 2554 τιθέασιν
1171 2511 1322 2553 ἅπαντα
1344 2515 1439 2549 VRC
1532 2511 1656 2550 πάντα
1674 2533 1717 2537 -
1737 2514 1776 2547 18

118 2568 262 2616 ἕτοιμα]
286 2577 327 2607 ut
350 2576 479 2608 cuncta
501 2573 640 2607 scilicet
663 2573 863 2608 iaculorum
887 2585 1022 2620 qenera
1040 2574 1262 2619 inpromptu
1279 2573 1352 2607 sint
1368 2572 1438 2606 Lat
1522 2569 1667 2614 ἕτοιμοι
1686 2569 1729 2603 L·¹

120 2627 408 2672 οἶκοδομοῦνται
431 2629 493 2663 PA
518 2629 712 2674 aedificant
734 2629 806 2664 Lat
903 2627 1079 2671 ἕκαστον]
1106 2626 1290 2675 ἑκάτερον
1313 2628 1343 2662 L
1446 2630 1486 2661 19
1510 2628 1638 2671 κλίμα]
1662 2627 1776 2670 κλίμα

119 2683 187 2726 μία
212 2685 326 2727 (μίαν)
349 2684 525 2720 Destinon
616 2683 715 2731 πρός
737 2689 790 2727 τε]
816 2682 919 2733 πρὸσ
943 2683 1015 2722 τάσ
1039 2699 1080 2722 τε
1103 2685 1134 2719 L
1228 2680 1414 2731 εὐμαρεῖς]
1440 2679 1565 2730 εὖρεῖσ
1589 2683 1651 2717 PA
1676 2682 1777 2716 aditu

120 2737 250 2782 faciles
272 2739 343 2774 Lat
445 2743 486 2775 20
511 2737 579 2783 τὰς
603 2752 670 2777 om.
696 2741 790 2776 VRC
894 2738 992 2788 πρὸς
1015 2762 1059 2766 -
1083 2738 1220 2783 αὐτῶν]
1250 2741 1345 2776 intro
1369 2739 1596 2775 currentibus
1619 2739 1689 2773 Lat

123 2790 168 2834 εἰ]
199 2793 232 2830 εἰ
259 2797 323 2830 καὶ
345 2795 408 2830 ΡΑ
440 2794 479 2832 εἴ
503 2810 539 2832 τι
562 2797 737 2833 Destinon
874 2802 1059 2839 πλατεῖαι]
1085 2800 1271 2835 πλατείασ
1296 2797 1358 2831 PA
1382 2796 1476 2831 unde
1500 2807 1533 2830 u.
1559 2799 1578 2830 S
1603 2792 1721 2836 πύλας
1746 2798 1780 2829 et

125 2858 161 2882 u.
187 2852 206 2883 9
231 2849 418 2897 τέσσαρας
440 2852 615 2888 Destinon
648 2854 818 2897 coniecit,
850 2860 890 2889 ut
914 2856 1022 2890 habet
1046 2855 1115 2890 Lat
1230 2857 1270 2888 21
1298 2854 1335 2890 δὲ
1360 2853 1426 2888 VR
1539 2848 1778 2891 εὖδιαθέτωσ,

123 2905 144 2938 δ
163 2903 185 2937 i.
209 2913 280 2939 ras.
303 2916 348 2939 m.
373 2909 392 2940 2
415 2907 448 2942 R
540 2906 614 2944 ἔσω
638 2911 670 2943 A

1806 1427 1855 1467 81

1808 1564 1860 1603 82
