1987 3246
90 471 167 510 140

89 739 163 778 141

91 1143 167 1182 142

89 1412 166 1451 143

198 154 249 191 32
552 154 616 187 DE
642 153 799 189 BELLO
824 153 919 190 IUD.
946 155 962 189 Ι
991 157 1164 190 139-143
1190 162 1246 199 (VI
1274 163 1301 192 0.
1325 163 1384 191 vn
1413 165 1437 189 1.
1465 162 1496 202 2)

198 264 686 320 στρατοπεδευσάμενος
724 264 768 307 ἓν
807 268 870 322 τῷ
903 271 1052 323 χωρίῳ
1090 272 1195 322 μίαν
1235 269 1426 325 ἑσπέραν
1466 270 1607 313 ἕωθεν
1641 266 1849 327 ἠπείγετο

196 332 309 387 πρὸς
346 331 401 374 τὰ
436 328 725 387 Ἱεροσόλυμα.
781 335 1078 389 καταπλαγεὶς
1117 335 1163 377 δὲ
1199 336 1277 392 τὴν
1316 336 1478 394 ἔφοδον
1510 333 1849 392 Ἀριστόβουλος

201 400 341 455 ἱκέτης
381 394 559 456 ἆπαντᾷ
594 399 827 455 χρημάτων
867 417 912 443 τε
950 398 1186 454 ὑποσχέσει
1223 406 1296 447 καὶ
1334 407 1397 460 τῷ
1426 404 1536 459 μετὰ
1567 407 1645 463 τῆς
1674 405 1848 456 πόλεως

200 466 455 522 ἐπιτρέπειν
475 468 546 509 καὶ
569 466 724 510 ἑαυτὸν
742 469 1068 520 χαλεπαίνοντα
1088 472 1370 515 καταστέλλει
1398 471 1474 515 τὸν
1495 472 1747 527 Πομπήιον.
1799 471 1848 515 οὐ

196 533 281 591 μήν
318 551 363 577 τι
397 536 484 575 τῶν
516 530 859 591 ὡμολογημένων
891 534 1079 590 ἐγένετο·
1119 536 1195 579 τὸν
1225 537 1306 592 γὰρ
1338 538 1412 582 ἐπὶ
1443 539 1521 597 τὴν
1550 539 1733 596 κομιδὴν
1762 542 1849 583 τῶν

193 600 426 657 χρημάτων
467 600 781 658 ἐκπεμφθέντα
813 606 1021 657 Γαβίνιον
1061 604 1103 646 οἵ
1139 603 1192 645 τὰ
1218 600 1554 660 Ἀριστοβούλου
1587 610 1850 664 φρονοῦντες

198 664 297 710 οὐδὲ
327 671 378 725 τῇ
410 668 539 712 πόλει
572 669 782 723 δέχονται.

310 736 401 778 VII.
437 740 472 779 1.
504 736 628 793 Πρὸς
657 739 793 779 ταῦτα
825 734 1126 795 ἀγανακτήσας
1147 738 1387 794 Πομπήιος
1403 735 1741 795 Ἀριστόβουλον
1769 743 1849 796 μὲν

198 801 422 858 ἐφρούρει,
463 803 575 858 πρὸς
615 805 661 846 δὲ
692 804 768 862 τὴν
802 805 934 848 πόλιν
966 803 1112 847 ἐλθών
1143 805 1429 860 περιεσκόπει
1460 802 1583 857 ὅπως
1614 808 1681 851 δεῖ
1708 824 1849 862 προσ-

196 870 369 923 βαλεῖν,
408 870 486 928 τήν
524 888 572 914 τε
612 868 852 928 ὀχυρότητα
893 875 977 915 τῶν
1007 875 1162 926 τειχῶν
1193 874 1603 929 δυσμεταχείριστον
1634 872 1747 931 ὁρῶν
1777 878 1849 918 καὶ

197 936 274 993 τὴν
296 937 383 992 πρὸ
405 939 572 982 τούτων
603 940 808 996 φάραγγα
839 939 1032 996 φοβερὰν
1062 941 1111 983 το
1143 957 1190 982 τε
1223 940 1339 997 ἱερὸν
1371 940 1491 991 ἐντὸς
1520 944 1596 999 τῆς
1628 942 1850 999 φάραγγος

199 1000 452 1058 ὀχυρώτατα
490 1012 827 1061 τετειχισμένον,
868 1003 981 1049 ὥστε
1018 1009 1095 1049 τοῦ
1136 1004 1290 1057 ἄστεος
1330 1005 1615 1063 ἁλισκομένου
1648 1009 1850 1065 δευτέραν

200 1069 314 1114 εἶναι
342 1073 595 1130 καταφυγὴν
625 1077 753 1117 τοῦτο
785 1084 878 1125 τοῖς
908 1077 1152 1128 πολεμίοις.

312 1143 350 1182 2.
389 1145 726 1198 Διαποροῦντος
764 1142 806 1185 δ’
849 1142 925 1185 ἐπὶ
962 1141 1102 1185 πολὺν
1130 1142 1285 1198 χρόνον
1316 1142 1471 1193 στάσις
1500 1151 1592 1192 τοῖς
1623 1143 1745 1186 ἔνδον
1776 1143 1851 1198 έμ-

198 1210 371 1259 πίπτει,
401 1211 490 1251 τῶν
510 1210 588 1263 μὲν
606 1205 947 1265 Ἀριστοβούλου
969 1211 1179 1264 πολεμεῖν
1202 1205 1440 1259 ἀξιούντων
1461 1211 1531 1252 καὶ
1558 1210 1747 1267 ῥύεσθαι
1775 1210 1851 1254 τὸν

196 1276 402 1327 βασιλέα,
442 1279 530 1318 τῶν
569 1277 616 1318 δὲ
652 1276 707 1319 τὰ
734 1275 938 1331 Ὑρκανοῦ
979 1277 1257 1334 φρονούντων
1298 1276 1486 1332 ἀνοίγειν
1516 1282 1743 1334 Πομπηίῳ
1773 1277 1853 1328 τὰς

198 1340 362 1391 πύλας·
399 1343 592 1393 πολλοὺς
628 1344 674 1386 δὲ
708 1345 888 1395 τούτους
922 1344 1066 1387 ἐποίει
1098 1344 1147 1387 τὸ
1184 1345 1281 1394 δέος
1303 1344 1564 1400 α’φοριῦντας
1586 1346 1648 1396 εἰς
1668 1344 1745 1402 τὴν
1766 1347 1852 1388 τιῦν

195 1405 416 1462 Ῥωμαίων
458 1407 672 1461 εὐταξίαν.
724 1409 973 1468 ἡττώμενον
1014 1412 1060 1454 δὲ
1097 1411 1146 1454 τὸ
1176 1407 1517 1467 Ἀριστοβούλου
1547 1415 1679 1467 μέρος
1709 1410 1772 1460 εἷς
1800 1410 1849 1453 τὸ

199 1474 315 1531 ἱερὸν
338 1472 608 1534 ἀνεχώρησεν
630 1480 700 1521 καὶ
723 1477 801 1533 τὴν
824 1478 1132 1520 συνάπτουσαν
1155 1474 1235 1520 ἀπ)
1264 1474 1396 1521 αὐτοῦ
1416 1481 1468 1534 τῇ
1500 1479 1631 1521 πόλει
1660 1481 1851 1535 γέφυραν

197 1538 509 1599 ἀποκόψαντες
532 1545 746 1599 ἀντισχεῖν
769 1546 831 1596 εἷς
852 1546 1032 1598 ἔσχατον
1062 1545 1450 1600 παρεσκευάζοντο.
1501 1548 1586 1588 τιῦν
1617 1545 1663 1588 δὲ
1695 1545 1852 1601 ἑτέρων

198 1610 438 1665 δεχομένων
465 1610 700 1666 Ῥωμαίους
736 1616 789 1670 τῇ
819 1610 951 1656 πόλει
982 1615 1054 1656 καὶ
1084 1612 1138 1655 τὰ
1171 1614 1377 1667 βασίλεια
1408 1609 1745 1666 παραδιδόντων
1776 1612 1852 1656 ἐπὶ

195 1677 273 1730 μὲν
320 1680 457 1721 ταῦτα
497 1680 738 1737 Πομπήιος
788 1680 862 1723 ἕνα
912 1683 999 1723 τῶν
1038 1676 1117 1736 ὑφ)
1164 1679 1305 1735 ἑαυτιιῦ
1358 1682 1608 1737 στρατηγῶν
1643 1684 1852 1723 Πείσωνα

309 1849 328 1888 ᾗ
358 1848 419 1880 139
436 1864 477 1875 =
496 1845 581 1881 Ant.
606 1847 684 1881 Iud.
711 1846 795 1883 XIV
821 1851 874 1882 55.

307 2003 851 2048 PAMLVNCLatHegesippus
877 2004 894 2037 I
922 2007 961 2038 16
986 2015 1021 2048 p.
1049 2007 1103 2039 23.

311 2063 326 2094 1
353 2057 802 2106 στρατοπαιὸευσάμενοσ
826 2059 955 2094 LV¹N¹
1050 2063 1068 2094 3
1094 2055 1257 2110 ἀπαντᾷ]
1281 2055 1431 2096 ὑπαντᾶ
1453 2059 1553 2093 LVN
1576 2055 1719 2106 ὑπηντᾶ
1744 2059 1770 2094 C

196 2119 248 2157 τε]
285 2115 323 2152 δὲ
349 2115 374 2150 C
467 2119 533 2164 τῷ]
564 2113 608 2152 τὸ
634 2117 683 2151 V²
775 2119 794 2150 5
828 2112 1122 2161 ὃμολογημένων
1146 2115 1245 2150 V¹N²
1337 2113 1499 2161 ἐγένετο]
1530 2112 1716 2162 ἔπραττεν
1739 2119 1795 2158 (-
1812 2129 1853 2152 τε

195 2171 339 2213 ΝΝΝΟ
369 2171 534 2216 effectum
566 2177 619 2208 est
642 2172 713 2207 Lat
872 2175 916 2218 τῆ
939 2174 1073 2216 κομιδῆ
1097 2171 1193 2206 VNC
1218 2171 1300 2206 fort.
1331 2173 1428 2206 recte
1587 2175 1606 2206 6
1632 2172 1853 2218 πεμφθέντα

196 2227 332 2262 MVNC
426 2232 443 2262 7
470 2225 565 2270 οὐδὲ]
592 2225 670 2265 οὐδ’
696 2228 737 2265 ἐν
762 2227 788 2262 C
882 2232 901 2262 9
927 2221 1170 2273 περιεσκόπει
1195 2237 1246 2270 sq.
1273 2232 1441 2272 corrupta
1463 2231 1567 2271 putat
1589 2228 1764 2263 Destinon

197 2279 314 2326 ὅπως]
339 2290 426 2320 ποῖ·
441 2284 478 2317 Μ
503 2286 597 2321 ποία
622 2284 655 2318 N
680 2291 748 2321 ποῖ
770 2283 832 2318 VC
969 2286 1025 2319 δεῖ
1047 2286 1293 2330 προσβαλεῖν]
1319 2281 1530 2329 προσβάλει
1554 2283 1620 2318 VN
1653 2281 1854 2331 προσβάλῃ

196 2339 221 2373 C
247 2343 462 2386 προσβαλεῖ
482 2340 622 2384 Coceeji
753 2333 857 2381 ὅπως
877 2359 921 2364 -
940 2342 1185 2385 προσβαλεῖν]
1212 2350 1284 2383 qua
1307 2339 1458 2383 facilior
1481 2344 1572 2375 esset
1595 2351 1760 2375 accessus
1783 2341 1854 2374 Lat

195 2395 323 2440 quibus
345 2395 383 2430 in
407 2396 495 2431 locis
519 2400 710 2442 temptaret
732 2396 970 2441 irruptionem
994 2395 1070 2438 Heg
1164 2398 1204 2429 10
1229 2397 1281 2435 τε]
1307 2407 1348 2430 τε
1371 2409 1445 2441 γαρ
1471 2395 1625 2430 Dindorf
1737 2391 1853 2439 ὁρῶν]

196 2448 295 2494 ἑώρα
319 2451 387 2485 VN
411 2451 568 2486 Dindorf
682 2455 718 2486 11
746 2449 903 2492 τούτων]
929 2448 1066 2487 τούτου
1090 2450 1120 2484 L
1246 2447 1366 2492 ἐντὸς]
1390 2447 1503 2496 ἐγγὺσ
1519 2451 1622 2486 AML
1645 2452 1854 2497 proximum

195 2507 265 2541 Lat
381 2510 419 2542 12
445 2505 595 2544 ἄστεωσ
619 2508 667 2542 V¹
777 2504 1039 2551 ἁλισκομένου]
1065 2505 1342 2551 τετειχισμένον
1367 2506 1395 2540 L
1527 2510 1566 2542 13
1597 2510 1725 2549 τοῦτο]
1750 2508 1787 2542 in
1812 2517 1854 2541 eo

195 2562 265 2596 Lat
402 2567 444 2598 14
468 2565 740 2609 διαποροῦντεσ
765 2562 808 2597 0²
840 2559 1125 2608 διαπορούντων
1150 2561 1194 2596 C²
1330 2561 1368 2597 δὲ
1391 2562 1458 2596 VN
1578 2559 1673 2599 πολὺ
1705 2565 1739 2597 Α
1762 2565 1854 2598 πολ-

196 2615 261 2653 λὺν
286 2619 327 2653 C¹
420 2624 502 2660 τοῖς
526 2629 593 2653 om.
620 2619 651 2653 V
748 2622 787 2652 16
812 2617 880 2660 τὰς
911 2616 1039 2659 πύλας]
1073 2615 1140 2663 τὴν
1169 2614 1280 2652 πόλιν
1303 2617 1335 2651 V
1440 2621 1479 2652 17
1505 2615 1668 2660 πολλοὺς
1696 2638 1735 2642 -
1759 2618 1854 2660 δέος]

196 2672 290 2710 πολὺ
316 2674 354 2710 δὲ
371 2673 524 2711 τούτοισ
541 2673 660 2710 ἐποίει
677 2672 722 2710 τὸ
749 2674 837 2711 δέοσ
853 2675 947 2709 PAL
972 2670 1093 2710 πολ·ὺ
1117 2675 1221 2715 (eras,
1240 2675 1272 2713 λ)
1296 2673 1334 2709 δὲ
1358 2670 1520 2709 τούτουσ
1543 2671 1656 2719 εἰσήει
1678 2676 1736 2715 (ex
1759 2674 1855 2721 εἰσίη

197 2739 287 2764 corr.
312 2741 357 2764 m.
385 2734 416 2773 2)
449 2731 537 2766 δέοσ
562 2730 588 2764 G
613 2735 727 2765 metus
757 2736 876 2766 autem
906 2730 973 2765 llos
1000 2730 1125 2776 plures
1154 2728 1316 2774 faciebat
1339 2728 1410 2763 Lat
1439 2732 1476 2764 et
1507 2729 1667 2764 similiter
1689 2729 1766 2774 Heg

196 2785 248 2827 εἰς
277 2796 345 2820 om.
370 2787 504 2821 PAML
624 2790 702 2823 τῶν
725 2797 791 2823 om.
818 2787 922 2822 PAM
1039 2788 1079 2821 18
1104 2785 1152 2826 δὲ]
1177 2784 1330 2830 denique
1353 2785 1423 2819 Lat
1537 2788 1577 2819 19
1602 2780 1853 2833 ἀνεχώρησεν]

197 2837 369 2888 ἄνεχώρη
385 2843 433 2876 V¹
456 2838 641 2889 ιῖνεχώρει
659 2843 772 2878 V²NG
842 2838 927 2884 ἀπ’]
953 2837 1016 2878 ἐπ’
1035 2841 1061 2876 C
1132 2843 1174 2875 20
1199 2840 1251 2883 εἰς
1275 2851 1342 2875 om.
1364 2841 1394 2874 L
1466 2843 1507 2874 22
1533 2837 1669 2877 ἑαυτὸν
1692 2841 1786 2876 LNC

200 2898 348 2933 πίσωνα
375 2898 411 2931 Μ

1882 885 1916 916 10

1883 1219 1919 1252 15

1883 1555 1920 1587 20
