2018 3236
133 413 212 452 238

133 679 211 717 239

133 816 212 853 240

135 1084 210 1121 241

135 1286 215 1324 242

137 1353 215 1392 243

245 162 325 198 544
686 157 752 190 DE
776 155 935 189 BELLO
960 154 1055 189 IUD.
1080 154 1129 188 VI
1154 157 1332 188 237—243
1357 156 1404 195 (lv
1429 157 1459 196 3)

245 271 579 328 στρατευμάτων
611 268 895 323 ἐπάρχοντος,
935 268 1007 309 καὶ
1039 262 1198 316 Σέξτου
1231 268 1471 322 Κερεαλίου
1501 268 1578 308 τοῦ
1608 264 1657 308 τὸ
1691 265 1895 319 πέμπτον

246 338 424 395 ἄγοντος
454 337 609 391 τάγμα,
640 337 713 378 καὶ
744 339 950 390 Λαρκίου
971 334 1180 377 Λεπίδου
1212 332 1259 376 τὸ
1295 334 1485 385 δέκατον,
1516 335 1590 376 καὶ
1622 336 1753 376 Τίτου
1779 338 1897 389 Φρυ-

244 411 339 461 γίου
369 404 417 446 τὸ
451 403 852 453 πεντεκαιδέκατον,
885 401 1000 457 πρὸς
1037 400 1102 451 οἷς
1126 400 1335 455 Φρόντων
1366 391 1416 456 ἦν
1433 398 1620 455 Ἑτέριος
1651 415 1896 455 στρατοπε-

245 472 401 528 δάρχης
421 473 508 513 τῶν
531 467 618 513 ἀπὸ
637 466 970 524 Ἀλεξανδρείας
992 469 1068 510 δίο
1089 468 1335 524 ταγμάτων,
1368 469 1439 510 καὶ
1463 470 1649 523 Μᾶρκος
1665 463 1898 518 Ἀντώνιος

238 536 472 588 Ἰουλιανὸς
503 536 525 580 ὁ
553 540 629 595 τῆς
654 534 868 587 Ἰουδαίας
901 535 1156 590 ἐπίτροπος,
1188 538 1259 578 καὶ
1290 534 1400 589 μετὰ
1431 535 1612 584 τούτους
1643 534 1898 589 ἐπιτρόπων

242 608 313 648 καὶ
349 605 584 658 χιλιαρχίαν
631 601 991 659 ἀθροισθέντων,
1035 601 1197 658 βουλὴν
1235 604 1338 657 περὶ
1376 604 1454 644 τοῦ
1494 604 1601 644 ναοῦ
1646 605 1897 657 προυτίθει.

243 682 335 722 τοῖς
363 673 442 727 μὲν
465 672 539 715 οὖν
562 672 701 715 ἐδόκει
728 673 923 727 χρῆσθαι
945 672 1008 726 τῷ
1029 672 1106 711 τοῦ
1130 669 1326 724 πολέμου
1358 665 1499 725 νόμῳ·
1531 668 1588 724 μὴ
1611 669 1693 725 γὰρ
1717 666 1768 712 c'c'v
1790 686 1900 712 ποτε

240 737 475 790 Ἰουδαίους
507 739 773 782 παύσασθαι
804 739 1138 793 νεωτερίζοντας
1167 739 1245 778 τοῦ
1276 739 1380 779 ναοῦ
1411 737 1635 790 μένοντος,
1668 732 1740 793 ἐφ’
1776 736 1826 780 ὃν
1857 737 1900 779 οἱ

245 807 528 860 πανταχόθεν
559 806 852 862 συλλέγονται.
910 806 1028 853 τινες
1064 804 1110 846 δὲ
1148 803 1382 860 παρῄνουν,
1423 804 1461 846 εἰ
1499 804 1577 858 μὲν
1614 805 1900 846 καταλίποιεν

247 871 378 918 αὐτὸν
406 873 611 918 Ἰουδαῖοι
642 876 712 916 καὶ
744 873 899 929 μηδεὶς
931 867 1004 914 ἐπ’
1043 867 1175 914 αὐτοῦ
1206 871 1260 913 τὰ
1290 867 1409 914 ὅπλα
1441 875 1558 928 θείη,
1593 871 1756 923 σώζειν,
1790 871 1829 914 εἰ
1856 871 1902 912 δὲ

245 943 481 996 πολεμοῖεν
505 941 751 996 ἐπιβάντες,
782 940 1094 996 καταφλέγειν·
1128 938 1339 995 φρούριον
1360 938 1455 994 γάρ,
1483 934 1626 981 οὐκέτι
1647 938 1752 981 ναὸν
1775 936 1898 990 εἶναι,

244 1011 313 1052 καὶ
337 1008 386 1052 τὸ
412 1008 571 1052 λοιπὸν
604 1008 794 1050 ἔσεσθαι
815 1009 899 1049 τῶν
931 1003 1272 1062 ἀναγκασάντων
1293 1005 1371 1061 τὴν
1395 1002 1613 1060 ἀσέβειαν,
1648 1001 1722 1048 οὐκ
1745 1001 1899 1048 αὐτῶν.

246 1075 267 1120 ὁ
293 1077 338 1119 δὲ
365 1081 495 1127 Τίτος
526 1072 619 1117 οὐδ’
649 1068 700 1117 ἂν
724 1074 956 1128 ἐπιβάντες
982 1071 1059 1115 ἐπ’
1087 1069 1221 1116 αὐτοῦ
1252 1075 1506 1126 πολεμῶσιν
1532 1069 1736 1116 Ἰουδαῖοι
1758 1073 1902 1130 φήσας

247 1142 343 1187 ἀντὶ
382 1146 468 1187 τῶν
509 1140 677 1200 ἀνδρῶν
718 1138 988 1196 ἀμυνεῖσθαι
1026 1140 1081 1183 τὰ
1128 1138 1277 1195 ἄψυχα
1326 1138 1426 1182 οὗδὲ
1464 1140 1752 1198 καταφλέξειν
1793 1140 1901 1183 ποτε

245 1213 499 1269 τηλικοῦτον
540 1211 683 1266 ἔργον·
720 1207 941 1263 Ῥωμαίων
970 1208 1051 1264 γὰρ
1084 1208 1271 1251 ἔσεσθαι
1310 1209 1387 1265 τὴν
1421 1209 1609 1265 βλάβην,
1649 1207 1799 1262 ὥσπερ
1829 1208 1899 1249 καὶ

246 1280 408 1333 κόσμον
439 1281 515 1336 τῆς
544 1276 777 1334 ἡγεμονίας
808 1273 942 1319 αὐτοῦ
972 1279 1198 1330 μένοντος·
1231 1278 1501 1331 θαρροῦντες
1523 1275 1570 1318 δὲ
1589 1274 1669 1333 ἤδη
1693 1278 1902 1330 προσετί-

248 1351 381 1389 θεντο
413 1349 465 1402 τῇ
496 1345 642 1401 γνώμῃ
678 1344 888 1399 Φρόντων
919 1360 965 1386 τε
995 1346 1067 1386 καὶ
1093 1339 1379 1398 Ἀλέξανδρος
1408 1345 1479 1384 καὶ
1504 1343 1755 1396 Κερεάλιος.
1803 1341 1903 1384 τότε

247 1415 324 1468 μὲν
358 1404 432 1456 οἷν
464 1412 633 1456 διαλύει
657 1411 705 1454 τὸ
731 1412 955 1467 συνέδριον
982 1413 1055 1454 καὶ
1086 1410 1165 1459 τὰς
1197 1407 1331 1460 ἄλλας
1364 1410 1568 1464 δυνάμεις
1600 1410 1904 1453 διαναπαῦσαι

248 1481 453 1531 κελεύσας
491 1489 584 1529 τοῖς
623 1477 852 1537 ἡγεμόσιν,
895 1478 1019 1528 ὅπως
1062 1478 1450 1533 ἐρρωμενεστέροις
1491 1477 1533 1520 ἐν
1563 1479 1617 1534 τῇ
1656 1475 1904 1532 παρατάξει

361 1592 887 1635 PAMLVRCLatHegesippus
912 1592 944 1626 V
962 1594 1003 1625 42
1021 1602 1054 1635 p.
1075 1593 1149 1626 360.
1185 1591 1345 1625 Zonaras
1363 1590 1377 1624 Ι
1396 1601 1429 1634 p.
1450 1593 1525 1624 540.

367 1653 377 1683 l
408 1649 562 1691 σέξκτου
586 1652 621 1689 (κ
645 1649 811 1688 deletum)
837 1647 862 1681 C
955 1648 1184 1693 κερεαλί-ου
1208 1646 1256 1688 V;
1282 1646 1325 1680 de
1349 1646 1477 1680 Ceriali
1501 1646 1545 1680 ef.
1571 1656 1680 1690 supra
1705 1645 1758 1679 ΠΙ
1784 1648 1848 1679 310
1874 1648 1908 1679 et

251 1707 447 1741 Mommsen
478 1705 613 1749 ephem.
639 1704 745 1747 epigr.
770 1704 820 1737 IV
845 1714 880 1747 p.
907 1706 971 1737 499
1065 1705 1132 1738 τοῦ
1157 1713 1224 1736 om.
1250 1702 1441 1736 PALVRC
1535 1705 1553 1736 2
1579 1703 1763 1748 Λαρκίου]
1789 1700 1907 1746 larqio

251 1762 321 1796 Lat
427 1763 489 1796 καὶ
519 1761 629 1795 Τίτου
654 1779 697 1784 -
723 1763 741 1793 3
767 1758 1103 1794 πεντεκαιδέκατον
1127 1768 1161 1791 u.
1188 1761 1207 1790 4
1233 1760 1314 1800 post
1338 1755 1542 1802 ταγμάτων
1566 1762 1610 1791 tr.
1637 1757 1663 1789 P
1784 1757 1906 1797 Τίτου]

257 1819 405 1854 Τιττίου
422 1817 552 1850 Renier
576 1816 597 1850 l.
616 1816 637 1849 1.
657 1827 689 1859 p.
711 1817 776 1849 314
847 1813 1023 1858 Φρυγίου]
1042 1813 1227 1858 φρουγίου
1245 1813 1274 1846 L
1289 1813 1404 1858 fri-(sie
1420 1813 1490 1846 Lat
1559 1816 1577 1846 3
1605 1811 1807 1858 σφρόντων
1830 1811 1863 1846 R

246 1870 422 1919 Ἑτέριος]
448 1871 616 1917 ἑτέρνιοσ
634 1871 671 1905 Μ
696 1869 866 1914 ε’τιῖρνιοσ
883 1870 913 1903 L
939 1870 1107 1912 ετέρνιοσ
1124 1869 1190 1903 VR
1214 1868 1401 1914 λιτέρνιοσ
1415 1869 1440 1902 C
1466 1870 1646 1903 aeternius
1662 1868 1732 1901 Lat
1742 1865 1907 1914 Ἃτέριος

253 1930 382 1964 Renier
406 1930 428 1964 l.
454 1929 475 1962 1.
502 1939 537 1972 p.
556 1931 619 1962 3⁶20
713 1931 733 1961 4
758 1922 826 1963 ἀπ’
853 1925 948 1960 VRC
1040 1922 1192 1970 μιῖρκοσ
1216 1925 1318 1959 codd.
1410 1927 1428 1957 5
1454 1921 1633 1959 ἰουλανὸσ
1657 1925 1689 1958 Α
1714 1921 1907 1959 ίουλιανόσ

252 1982 295 2022 θ)
322 1986 347 2020 C
419 1982 439 2020 ὁ
466 1995 533 2019 om.
560 1984 589 2018 L
659 1981 867 2018 chiliarchis
891 1986 925 2016 et
946 1981 1248 2027 procuratoribus
1271 1985 1316 2015 tr.
1334 1980 1404 2014 Lat
1475 1983 1493 2013 6
1509 1983 1714 2025 χιλιαρχῶν
1731 1979 1862 2013 PAMC

252 2039 542 2087 ἁθροισθέντων
566 2040 628 2074 RC
696 2036 813 2085 βουλὴ
839 2038 934 2073 VRC
1012 2038 1208 2082 προετίθει
1233 2037 1262 2070 L
1289 2035 1479 2081 προυτέθη
1502 2035 1568 2070 VR
1593 2030 1796 2082 προῦτέθει
1815 2035 1841 2069 C

254 2102 271 2131 7
295 2095 511 2143 χρήσασθαι
535 2096 564 2129 L
590 2097 795 2141 κεχρῆσθαι
821 2095 896 2129 Zou
1012 2095 1076 2140 τῷ]
1103 2089 1147 2127 τὸ
1174 2092 1249 2125 PA²
1342 2089 1390 2127 ἄν
1414 2102 1482 2126 om.
1508 2092 1536 2125 L
1653 2094 1671 2126 8
1696 2090 1909 2127 παύσεσθαι

254 2163 297 2188 ex
323 2163 414 2187 corr.
440 2153 471 2185 A
549 2151 769 2187 παύσασθαι
795 2150 985 2186 ἰουδαίοισ
1009 2153 1053 2182 tr.
1080 2148 1109 2182 L
1202 2151 1221 2181 9
1245 2149 1513 2183 καταλείποιεν
1536 2147 1714 2182 PALV¹R
1809 2150 1848 2181 10
1875 2145 1910 2182 οἳ

254 2210 411 2244 ἰουδαῖοι
436 2208 604 2243 AMVRC
682 2202 809 2248 αὐτοῦ]
838 2202 955 2242 αὐτὸν
979 2207 1009 2239 Α
1036 2200 1137 2240 αὗτιῦ
1160 2204 1189 2237 L
1282 2204 1316 2239 εί
1338 2224 1380 2227 -
1408 2207 1443 2238 11
1472 2202 1682 2249 ἐπιβάντες]
1707 2204 1739 2237 εἰ
1762 2214 1849 2238 uero
1873 2203 1912 2237 id

251 2276 378 2310 puqna
402 2264 637 2299 obtinuissent
660 2263 730 2297 Lat
815 2266 849 2296 11
879 2264 1076 2305 πολεμῶεν
1102 2259 1203 2295 codd.
1227 2259 1315 2301 Zon,
1342 2270 1432 2294 corr.
1458 2259 1612 2294 Dindorf
1700 2256 1912 2305 ἐπιβάντασ

254 2320 452 2355 PAMVRC
470 2318 736 2366 ἐπιβαίνοντας
753 2318 925 2352 Destinon
998 2319 1037 2350 12
1054 2312 1353 2362 α’ναγκαζόντων
1370 2315 1399 2349 L
1469 2312 1537 2361 τὴν
1561 2325 1628 2350 om.
1646 2315 1845 2350 PAMVRC

259 2380 297 2410 13
325 2373 344 2412 ὃ
371 2378 408 2412 δὲ
432 2396 475 2401 -
503 2379 543 2409 14
567 2373 710 2422 ἄψυχα]
737 2375 801 2409 tito
824 2379 940 2408 autem
957 2384 1022 2408 nec
1038 2373 1070 2406 si
1085 2376 1219 2406 stantes
1242 2371 1453 2405 dimicarent
1475 2370 1598 2405 iudaei
1614 2382 1686 2416 pro
1712 2369 1912 2405 hominibus

256 2433 376 2466 anima
399 2431 561 2466 carentia
585 2431 790 2466 ulciscenda
814 2440 889 2463 esse
913 2428 1050 2463 dicente
1075 2428 1145 2461 Lat
1258 2424 1469 2473 ἐπιβάντες]
1495 2426 1529 2463 εἰ
1551 2425 1820 2473 ἐπιβαίνοντας
1843 2425 1912 2461 De-

255 2488 375 2522 stinon
488 2482 566 2528 ἐπ’]
592 2482 661 2523 ἀπ’
685 2486 858 2521 Destinon
973 2486 1200 2528 πολεμῶσιν]
1226 2483 1334 2517 LZon
1359 2485 1557 2526 πολεμῶεν
1580 2482 1778 2517 PAMVRC
1803 2484 1912 2517 πολε-

254 2549 363 2586 μοῖεν
385 2545 433 2583 (et
454 2546 491 2576 14
509 2538 737 2587 άμύνασθαι)
763 2541 935 2576 Destinon
1011 2538 1132 2586 φήσας
1157 2536 1251 2580 α’ντὶ]
1276 2539 1437 2585 φήσαντι
1461 2538 1491 2572 L
1517 2539 1656 2582 φείσασ
1680 2533 1763 2574 οἷντὶ
1786 2537 1819 2571 R
1843 2534 1911 2582 ἔφη

256 2596 338 2634 ἀντὶ
363 2599 389 2633 C
413 2599 528 2632 Berol.
554 2601 590 2631 et
613 2597 694 2632 fort.
721 2597 796 2641 Syr.
822 2593 958 2642 ἔφησεν
981 2593 1064 2632 α’ντὶ
1088 2596 1164 2630 Zon
1252 2598 1291 2629 14
1314 2591 1548 2639 ἀμυνεῖσθαι]
1572 2594 1678 2628 Niese
1703 2588 1910 2637 ἀμύνεσθαι

256 2675 454 2710 PAMVRO
479 2655 693 2719 α’μύνῗχσθαι
718 2674 748 2707 L
836 2679 875 2709 15
900 2674 975 2720 γάρ
1000 2685 1067 2709 om.
1092 2675 1124 2708 A
1210 2676 1250 2707 16
1274 2671 1438 2716 με’νοντα
1463 2672 1561 2707 ALV
1646 2671 1694 2712 δὲ]
1719 2667 1756 2707 δ’
1781 2671 1819 2713 Ο,
1844 2680 1911 2705 om.

257 2731 337 2771 Lat,
360 2731 398 2765 in
422 2741 491 2773 quo
515 2731 598 2765 hinc
622 2731 788 2774 apodosis
812 2731 939 2775 incipit
1032 2733 1070 2764 17
1097 2726 1275 2775 φρώντον
1300 2728 1326 2762 C
1417 2725 1636 2774 κεραιοέλιοσ
1661 2728 1687 2762 G
1782 2729 1822 2762 18
1847 2719 1912 2761 οὖν

258 2797 325 2821 om.
345 2787 381 2819 M
453 2789 492 2819 19
515 2783 705 2827 κελεύσας]
732 2798 773 2821 τε
797 2783 979 2821 κελεύσασ
1001 2785 1031 2818 L
1117 2788 1208 2826 τοῖς]
1234 2790 1319 2820 τοῖσ
1335 2797 1376 2820 τε
1394 2784 1495 2819 LLat
1580 2777 1684 2824 ὅπως
1700 2803 1743 2807 -
1760 2793 1794 2826 p.
1814 2784 1910 2823 545‚1

256 2839 451 2887 χρήσαιτο]
475 2847 515 2876 ut
539 2841 594 2876 lais
619 2843 654 2875 ιἰι
678 2842 869 2886 procinctu
894 2839 1133 2875 ualidioribus
1158 2843 1318 2874 uteretur
1334 2839 1404 2873 Lat
1495 2837 1846 2885 ἐρρωμενεστέροις]
1870 2845 1913 2872 ex

258 2898 329 2933 Lat
355 2897 526 2932 Destinon
550 2895 783 2943 ἐρρωμένοισ
807 2897 837 2930 L
862 2894 1193 2943 ἐρρωμενέστερον
1218 2894 1414 2929 PAMVRC

1932 878 1968 911 10

1934 1214 1969 1247 15
