2039 3282
846 152 1039 187 Praefatio.
1645 155 1780 190 XXVII

109 264 286 307 Cerialis
318 265 429 307 enim
470 268 514 306 ut
544 265 751 319 Iosephus
795 267 885 320 ipse
923 266 1052 308 tradit
1083 281 1165 309 non
1196 268 1388 311 tribunus
1421 273 1530 322 erat,
1570 270 1684 324 quod
1717 276 1780 313 est

106 331 343 384 χιλίαρχος,
365 331 440 375 sed
463 332 629 385 legatus
650 333 846 385 legionis,
868 347 946 376 nec
968 335 1116 387 potuit,
1139 348 1232 377 cum
1259 337 1401 389 paullo
1424 342 1522 379 ante
1544 339 1598 391 (p.
1624 340 1716 390 315,
1741 340 1780 387 υ)

108 403 362 442 memoratus
394 399 460 452 sit,
494 399 578 441 dici
610 398 767 448 Σέξτος
798 416 877 448 τις.
939 401 1046 442 bene
1078 401 1206 454 igitur
1236 404 1405 457 accidit,
1441 405 1554 457 quod
1580 405 1652 446 PA
1684 418 1778 447 cum

107 466 142 507 L
173 470 214 508 et
243 466 324 508 Lat
353 480 436 508 non
468 461 708 521 Κερεάλιος
741 469 922 521 tradunt,
956 468 1030 510 sed
1054 467 1346 523 Καλουάριος,
1381 472 1495 525 quod
1527 473 1617 515 sine
1649 473 1779 515 dubio

106 533 397 587 recipiendum
429 538 504 577 est.
555 541 733 590 apparet
753 540 894 578 autem
918 535 1096 577 Cerialis
1120 550 1272 579 nornen
1294 552 1319 580 a
1341 539 1525 581 librariis
1548 541 1778 594 repositum

107 614 199 643 esse
231 613 284 643 ex
315 602 568 644 coniectura.
629 604 822 645 similiter
854 604 981 645 etiam
1012 617 1051 657 p.
1086 606 1150 656 39,
1176 607 1197 644 7
1230 617 1283 646 ex
1316 606 1387 646 PA
1420 607 1602 660 Iosepho
1636 607 1775 649 reddi—

106 668 244 711 dimus
275 670 547 723 Σερουιανῷ,
593 683 686 711 curn
718 671 871 724 reliqui
903 684 1047 712 omnes
1080 676 1121 712 et
1154 671 1324 714 codices
1355 675 1498 725 graeci
1531 679 1572 716 et
1602 675 1776 717 Latinus

106 749 200 778 cum
222 736 469 791 Hegesippo
506 736 690 779 habeant
711 736 963 790 Σερουιλίῳ,
997 738 1248 791 quibuscum
1278 741 1542 783 consentiunt
1563 742 1660 783 Ant.
1684 742 1773 783 Iud.

105 803 207 845 XIV
228 805 281 845 92
303 804 398 846 libri
421 818 578 847 omnes.
641 805 716 847 sed
749 819 841 847 cum
874 804 947 846 PA
977 804 1078 846 facit
1100 804 1325 859 Syneellus
1360 810 1417 859 (p.
1438 811 1516 849 567
1542 809 1703 862 Bonn.),
1739 816 1778 851 et

105 872 140 913 si
171 872 434 925 reputaueris
455 872 685 914 Seruilium
705 874 731 922 1)
762 885 915 914 nomen
937 872 1120 914 librariis
1144 875 1308 926 graecis
1331 875 1460 916 multo
1484 877 1621 919 tritius
1646 877 1776 919 fuisse

105 951 231 991 quam
264 938 536 993 Seruianum,
568 939 789 993 probabile
820 939 1054 992 uidebitur,
1086 940 1193 982 illud
1225 954 1278 983 ex
1312 941 1392 984 hoc
1427 948 1671 997 corruptum
1703 949 1775 986 aut

105 1018 159 1047 ex
180 1006 515 1059 Antiquitatibus
547 1008 723 1049 ascitum
756 1019 850 1048 esse
867 1008 911 1055 2).
963 1020 1092 1059 quare
1118 1009 1263 1061 paullo
1285 1022 1413 1063 supra
1435 1024 1472 1063 p.
1498 1013 1564 1064 24,
1588 1013 1639 1051 24)
1665 1025 1775 1054 erra-

104 1078 192 1115 tum
209 1086 300 1116 esse
318 1074 497 1127 uidetur,
516 1074 628 1127 quod
640 1087 693 1116 ex
704 1073 813 1116 VRO
826 1075 978 1116 restitit
991 1074 1209 1128 uulgatum
1227 1074 1290 1125 εἷς
1305 1075 1428 1118 Κανὰ
1447 1077 1608 1134 κώμῃ-ν,
1629 1093 1774 1132 quam-

105 1141 169 1183 uis
189 1140 376 1183 firmetur
397 1142 705 1195 Antiquitatum
737 1141 1007 1193 auctoritate,
1039 1156 1137 1184 nam
1160 1143 1315 1186 PAML
1347 1159 1439 1187 eum
1462 1146 1542 1188 Lat
1573 1151 1614 1189 et
1636 1148 1775 1200 Hege-

104 1209 227 1263 sippo
260 1207 322 1257 εἰς
338 1203 470 1249 Ἁνὰν
499 1203 647 1264 κώμην
678 1208 859 1262 tradunt,
892 1209 1017 1252 facile
1049 1214 1189 1252 autem
1208 1206 1352 1253 Ἀναν
1386 1213 1428 1254 in
1451 1212 1577 1254 Κανὰ
1609 1215 1773 1257 tritissi—

104 1289 216 1318 mum
247 1290 399 1319 nomen
429 1276 640 1330 corrumpi
671 1280 839 1330 poterat
856 1278 899 1326 3).

216 1343 500 1386 Memorabilis
531 1344 639 1386 alius
670 1344 787 1386 locus
819 1348 883 1386 est
912 1357 951 1398 p.
987 1347 1052 1399 36,
1079 1349 1142 1399 15,
1183 1347 1254 1389 ubi
1291 1352 1417 1390 antea
1448 1348 1655 1392 edebatur
1690 1347 1770 1390 κάν

101 1409 243 1466 τούτῳ
273 1412 467 1465 Σκαῦρος
499 1409 562 1460 εἰς
591 1409 669 1465 τὴν
695 1405 910 1465 Ἀραβίαν
942 1411 1146 1465 ἐμβαλών
1175 1415 1252 1468 τῆς
1282 1414 1361 1467 μὲν
1392 1417 1569 1471 Πέτρας
1601 1415 1769 1471 εἴργετο

101 1487 199 1530 ταῖς
230 1479 511 1533 δυσχωρίαις,
545 1476 735 1533 ἐπόρθει
775 1478 821 1520 δὲ
859 1480 932 1522 καὶ
964 1477 1019 1521 τὰ
1058 1482 1163 1535 περὶ
1194 1482 1394 1533 Πέλλαν,
1436 1478 1516 1525 κᾶν
1549 1483 1692 1539 τούτῳ
1727 1484 1770 1527 δὲ

100 1549 388 1589 κακοπαθῶν.
467 1546 573 1589 haec
613 1546 715 1588 dant
752 1546 898 1590 LVRC
940 1549 1041 1590 satis
1088 1550 1215 1603 mira3
1265 1552 1478 1605 quomodo
1529 1554 1640 1595 enim
1680 1553 1773 1596 fieri

101 1616 249 1670 potuit,
265 1620 309 1657 ut
320 1615 502 1658 Scaurus
515 1627 606 1656 cum
620 1614 789 1656 Petram
803 1615 988 1657 Arabiae
1000 1616 1205 1670 oppidum
1216 1623 1380 1672 peteret
1391 1620 1555 1662 Pellam
1566 1625 1769 1675 uastaret,

102 1696 209 1736 quae
240 1697 379 1737 neque
409 1682 594 1724 Arabiae
627 1686 716 1724 erat
748 1686 789 1724 et
827 1683 1005 1724 multum
1047 1683 1234 1728 distabat
1264 1700 1290 1728 a
1320 1687 1477 1729 Petra?
1517 1701 1648 1742 quare
1679 1689 1771 1731 sine

101 1751 229 1793 dubio
261 1764 363 1793 uera
387 1754 483 1793 sunt
504 1763 613 1803 quae
636 1749 839 1792 exhibent
860 1750 978 1792 PAM
998 1751 1334 1797 adsentientibus
1357 1755 1435 1796 Lat
1456 1760 1498 1797 et
1520 1756 1768 1810 Hegesippo

101 1816 291 1872 ἐπόρθει
323 1817 369 1859 δὲ
399 1815 454 1858 τὰ
485 1815 618 1871 πέριξ
645 1815 791 1858 πολλὰ
822 1813 900 1859 κάν
921 1816 1063 1873 τούτῳ
1085 1822 1376 1872 κακοπαθῶν,
1412 1835 1522 1875 quae
1555 1824 1597 1865 in
1618 1824 1772 1867 ceteris

101 1886 220 1929 libris
252 1891 293 1928 et
323 1890 520 1940 corrupta
550 1890 591 1927 et
621 1884 766 1927 reficta
796 1898 890 1928 esse
920 1885 1055 1929 uides.

211 1967 251 2007 p.
271 1956 365 2007 357,
388 1956 433 1994 11
455 1952 680 2007 Philippus
702 1952 876 2006 quidam
894 1960 1146 1997 memoratur
1168 1955 1305 1998 hisce:
1330 1951 1461 2005 αὐτὸς
1484 1956 1529 1999 δὲ
1552 1954 1573 1999 ὁ
1597 1957 1770 2000 Φίλιπ-

101 2035 187 2070 πος
210 2017 402 2074 Ἰακίμου
441 2019 561 2069 τινὸς
601 2015 761 2074 ἀνδρὸς
797 2018 1016 2076 ἐπισήμου
1049 2021 1422 2077 τετραρχήσαντος
1447 2019 1678 2079 Ἀγρίππα
1707 2026 1771 2079 τῷ

99 2088 288 2141 βασιλεῖ.
359 2088 440 2131 hoc
472 2089 584 2130 enim
614 2083 986 2144 τετραρχήσαντος
1026 2090 1222 2133 dedimus
1262 2104 1316 2133 ex
1358 2092 1568 2146 PALLat,
1616 2093 1769 2146 reliqui

101 2155 270 2199 codices
320 2156 490 2198 tradunt
541 2154 975 2210 στραταρχήσαντος,
1036 2157 1150 2210 quod
1200 2160 1393 2212 quamuis
1445 2174 1528 2202 non
1578 2160 1768 2213 ineptum

101 2228 240 2266 tamen
260 2224 398 2267 minus
420 2237 567 2265 uerum
591 2228 665 2266 est.
716 2224 898 2267 Iacimus
931 2225 1040 2266 enim
1072 2226 1276 2268 successit
1305 2228 1415 2280 patri
1440 2227 1608 2268 Zamari
1631 2227 1771 2280 Baby-

101 2290 228 2344 lonio,
259 2292 327 2333 cui
349 2290 541 2334 Herodes
562 2292 605 2333 in
626 2291 817 2334 Batanea
837 2292 1055 2344 regionem
1078 2292 1346 2336 Trachonitis
1377 2295 1561 2336 uicinam
1591 2294 1772 2336 admini-

101 2358 315 2400 strandam
355 2358 591 2407 dede1·at⁴).
655 2363 698 2401 et
735 2363 781 2401 ut
818 2358 1031 2401 Pherorae
1062 2359 1247 2403 Herodis
1284 2359 1402 2403 fratri
1441 2361 1574 2403 fuisse
1614 2361 1770 2404 scimus

101 2426 371 2469 tetrarchiam
387 2429 416 2474 Ξ’)
446 2427 660 2480 aliamque
691 2426 896 2469 habemus
927 2427 1200 2470 tetrarchiam
1231 2428 1331 2470 Vari
1362 2429 1453 2471 siue
1484 2429 1678 2481 Noari,ss)
1713 2430 1772 2471 ita

103 2491 297 2535 Zamarin
325 2507 494 2548 quoque
523 2498 565 2536 et
594 2493 727 2536 filium
758 2494 962 2537 Iacimum
994 2495 1231 2538 tetrarchae
1262 2496 1432 2539 nomine
1474 2501 1648 2539 ornatos
1679 2509 1772 2539 esse

104 2571 158 2600 ex
188 2558 269 2603 hoc
298 2561 391 2603 loco
423 2561 636 2604 discimus.

217 2684 247 2724 1)
272 2692 382 2726 quare
406 2682 548 2727 saepius
573 2682 668 2726 apud
685 2681 882 2717 Diodorum
906 2681 1066 2726 aliosque
1091 2683 1286 2728 scriptores
1304 2684 1450 2719 Seruius
1469 2695 1596 2720 nomen
1621 2684 1659 2719 in
1676 2685 1756 2719 Ser·

103 2735 226 2772 uilium
250 2738 349 2773 abiit.
442 2742 475 2781 2)
499 2739 783 2783 Antiquitatibus
808 2748 946 2783 quoque
964 2738 1158 2774 Seruianus
1182 2740 1424 2775 restituendus
1449 2744 1514 2775 est.
1609 2743 1641 2781 3)
1669 2740 1768 2775 simi-

103 2791 184 2826 liter
206 2796 373 2837 p.72,17
401 2797 436 2829 et
462 2797 500 2829 21
528 2805 572 2829 ex
596 2795 658 2829 PA
683 2799 864 2839 receptum
888 2799 943 2830 est
970 2798 1186 2840 Θολεμαῖον
1208 2807 1281 2831 non
1306 2799 1569 2841 Πτολεμαῖον,
1596 2796 1689 2840 quod
1715 2806 1773 2830 ex—

102 2846 226 2882 hibent
249 2852 285 2882 et
309 2851 417 2884 ceteri
441 2852 551 2885 testes
576 2861 698 2886 omnes
724 2856 759 2886 et
783 2852 1038 2895 Antiquitates.
1166 2855 1200 2893 4)
1225 2852 1310 2886 Ant.
1337 2852 1415 2886 Iud.
1441 2852 1547 2887 XVII
1573 2854 1614 2886 23
1625 2863 1678 2896 sq.

104 2903 137 2943 5)
161 2902 244 2937 Ant.
269 2904 345 2940 Iud.
369 2906 437 2942 XV
462 2909 539 2941 362.
657 2908 692 2952 6)
716 2908 797 2943 bell.
823 2909 900 2943 Iud.
926 2907 960 2942 II
986 2909 1063 2942 247.
