2018 3236
224 165 304 201 546
627 163 691 197 DE
717 162 876 196 BELLO
903 161 998 197 IUD.
1024 161 1075 196 VI
1101 163 1277 196 251—257
1302 165 1350 204 (lv
1377 169 1404 194 5.
1431 165 1462 206 6)

222 279 307 318 τιῦν
338 279 415 318 τοῦ
446 277 549 318 ναοῦ
582 276 784 329 φρουρῶν
823 277 991 328 γίνεται
1031 273 1223 331 συμβολὴ
1257 274 1370 329 πρὸς
1399 273 1500 325 τούς
1533 275 1790 329 σβεννύντας
1820 276 1868 318 τὸ

222 346 308 397 πῦρ
340 344 416 384 τοῦ
447 341 629 383 ἔνδοθεν
671 341 810 395 ἱεροῦ,
851 343 894 383 οἳ
931 341 1202 395 τρεψάμενοι
1242 341 1344 391 τοὺς
1368 338 1605 392 Ἰουδαίους
1641 345 1766 397 μέχρι
1796 345 1872 385 τοῦ

109 413 189 453 252
223 412 326 451 ναοῦ
343 408 723 464 παρηκολούθουν.
763 407 875 450 ἔνθα
898 407 947 463 δὴ
967 410 1053 450 τῶν
1077 411 1355 464 στρατιωτῶν
1376 425 1443 459 τις
1465 406 1564 451 οὔτε
1584 409 1870 465 παράγγελμα

221 480 478 529 περιμείνας
509 471 601 518 οὔτ’
633 475 709 518 ἐπὶ
739 475 980 531 τηλικούτῳ
1013 475 1162 524 δείσας
1192 475 1479 534 ἐγχειρήματι,
1512 476 1727 532 δαιμονίῳ
1759 474 1870 532 ὁρμῇ

220 560 305 585 τινι
333 542 555 597 χριόμενος
586 540 775 597 ἁρπάζει
804 542 883 596 μὲν
915 542 959 585 ἐκ
989 545 1066 596 τῆς
1105 544 1373 601 φλεγομένης
1402 545 1429 596 †
1461 544 1645 600 φλογός,
1689 540 1872 586 άνακου-

219 611 404 665 φισθεὶς
436 610 482 651 δὲ
517 607 599 652 ὑπὸ
635 609 961 665 συστρατιώτου
992 608 1040 652 τὸ
1074 612 1161 664 πῦρ
1194 609 1334 667 ἐνίησι
1372 612 1528 667 θυρίδι
1562 613 1720 667 χρυσῇ,
1760 606 1866 653 καθ)

220 676 268 733 ἣν
300 676 362 726 εἰς
391 676 493 727 τοὺς
531 679 633 732 περὶ
673 676 749 720 τὸν
790 676 895 720 ναὸν
935 678 1079 727 οἴκους
1117 677 1281 720 εἰσιτὸν
1311 669 1363 734 ἦν
1395 678 1439 720 ἐκ
1468 680 1546 720 τοῦ
1574 682 1750 733 βορείου
1780 679 1872 720 κλί-

109 747 188 787 253
219 760 369 798 ματος.
432 744 663 801 αἰρομένης
702 745 748 788 δὲ
778 748 854 802 τῆς
894 744 1057 802 φλογὸς
1082 740 1306 788 Ἰουδαίων
1343 746 1422 799 μὲν
1463 745 1673 801 ἐγείρεται
1712 744 1871 802 κραυγὴ

217 814 294 854 τοῦ
325 811 507 861 πάθους
539 808 653 863 ἀξία,
685 814 757 855 καὶ
780 812 893 869 πρὸς
913 812 991 868 τὴν
1015 809 1181 866 ἄμυναν
1214 816 1436 865 συνέθεον,
1469 811 1568 856 οὕτε
1598 815 1673 854 τοῦ
1706 812 1778 869 ζῆν
1810 812 1873 855 ἔτι

218 878 356 935 φειδώ
388 879 684 933 λαμβάνοντες
715 877 815 922 οἷ’τε
844 879 1155 934 ταμιευόμενοι
1186 879 1263 935 τὴν
1295 876 1428 933 ἰσχύν,
1461 875 1521 923 δι’
1559 879 1581 922 ὃ
1615 881 1870 936 φυλακτικοὶ

219 946 432 1002 πρότερον
462 938 573 1003 ἦσαν
604 947 844 1001 οἰχομένου.

107 1016 186 1055 254
331 1018 369 1057 6.
400 1008 596 1069 Δραμιδν
632 1015 680 1056 δέ
717 1031 785 1065 τις
826 1010 1023 1070 ἀγγέλλει
1059 1018 1198 1070 Τίτῳ·
1238 1010 1455 1067 κάκεῖνος,
1498 1014 1641 1068 ἔτυχεν
1681 1014 1727 1056 δὲ
1764 1012 1875 1056 κατὰ

218 1080 374 1138 σκηνὴν
407 1077 744 1136 ἀναπαυόμενος
767 1081 811 1124 ἐκ
832 1085 908 1138 τῆς
928 1081 1079 1138 μάχης,
1112 1079 1171 1131 (ὗς
1193 1079 1302 1134 εἶχεν
1331 1077 1621 1139 ἀναπηδήσας
1644 1082 1741 1124 ἔθει
1763 1081 1876 1136 πρὸς

106 1150 186 1189 255
218 1148 292 1191 τὸν
315 1147 420 1191 ναὸν
442 1149 597 1204 εἴρξων
618 1148 666 1191 τὸ
693 1152 793 1203 πῦρ.
845 1149 1032 1192 κατόπιν
1056 1149 1101 1191 δὲ
1123 1150 1169 1192 οἵ
1186 1165 1233 1191 τε
1254 1146 1460 1204 ἡγεμόνες
1487 1150 1665 1192 εἵποντο
1698 1149 1872 1201 πάντες,

217 1217 287 1258 καὶ
320 1219 576 1273 πτοηθέντα
607 1216 781 1267 τούτοις
812 1213 1049 1274 ἠκολούθει
1079 1216 1133 1258 τὰ
1163 1216 1384 1271 τάγματα·
1416 1216 1498 1274 βοὴ
1532 1218 1577 1259 δὲ
1605 1207 1655 1274 ἧν
1685 1218 1757 1259 καὶ
1787 1216 1872 1258 θό-

106 1285 186 1324 256
220 1287 349 1339 ρυβος
380 1279 456 1326 ὅτε
485 1281 744 1341 τηλικαύτης
784 1285 1008 1339 δυνάμεως
1049 1279 1247 1333 ἀτάκτως
1286 1287 1573 1341 κεκινημένης.
1635 1282 1656 1325 0‘
1689 1284 1767 1336 μὲν
1799 1274 1874 1326 οὖν

216 1355 390 1407 Καῖσαρ
430 1353 484 1408 τῇ
514 1368 561 1394 τε
591 1354 715 1408 φωνῇ
753 1355 825 1395 καὶ
857 1354 908 1408 τῇ
941 1351 1063 1407 δεξιᾷ
1103 1350 1357 1407 διεσήμαινε
1397 1359 1490 1400 τοῖς
1528 1354 1794 1404 μαχομένοις
1822 1350 1871 1393 τὸ

215 1420 302 1474 πῦρ
336 1418 577 1472 σβεννύειν,
611 1417 710 1462 οὕτε
742 1420 788 1461 δὲ
816 1421 1010 1474 βοῶντος
1051 1415 1207 1474 ἤκουον
1237 1417 1404 1471 μείζονι
1436 1420 1598 1474 κραυγῇ
1629 1417 1709 1468 τὰς
1740 1414 1874 1467 ἆκοὰς

218 1486 645 1542 προκατειλημμένοι
674 1488 745 1528 καὶ
769 1495 861 1536 τοῖς
893 1485 1076 1539 νεύμασι
1106 1487 1182 1542 τῆς
1209 1484 1356 1540 χειρὸς
1378 1484 1426 1527 ού
1450 1494 1699 1540 προσεῖχον,
1732 1485 1873 1539 οἱμὲν

106 1553 184 1592 257
217 1555 279 1607 τῷ
311 1554 533 1606 πολεμεῖν,
566 1554 607 1596 οἱ
640 1554 686 1596 δὲ
717 1549 825 1609 ὀργῇ
857 1551 1208 1607 περισπώμενοι.
1265 1554 1352 1593 τιῦν
1384 1552 1430 1593 δὲ
1460 1552 1692 1607 ταγμάτων
1723 1552 1873 1594 εἰσθε-

217 1619 354 1662 όντων
395 1617 493 1662 οἰῗτε
533 1624 796 1675 παραίνεσις
828 1616 923 1661 οὔτ)
960 1616 1122 1676 ἀπειλὴ
1165 1628 1358 1672 κατεῖχεν
1395 1618 1475 1668 τὰς
1514 1618 1674 1673 ὁρμάς,
1715 1614 1813 1660 ἀλλ’
1850 1616 1871 1660 ὁ

216 1686 361 1740 θυμὸς
401 1684 611 1730 ἁπάντων
651 1686 924 1743 ἐστρατήγει·
964 1688 1035 1728 καὶ
1069 1687 1171 1741 περὶ
1202 1685 1281 1735 τὰς
1312 1681 1512 1735 εἰσόδους
1542 1682 1873 1739 συνωθούμενοι

217 1754 377 1795 πολλοὶ
407 1754 486 1807 μὲν
507 1750 586 1796 ὑπ’
614 1750 814 1809 ἀλλήλων
844 1754 1186 1802 κατεπατοῦντο,
1218 1753 1378 1794 πολλοὶ
1411 1752 1457 1794 δὲ
1487 1756 1675 1808 θερμοῖς
1706 1753 1771 1796 ἔτι
1800 1756 1872 1796 καὶ

216 1824 480 1877 τυφομένοις
510 1830 603 1871 τοῖς
635 1821 850 1875 ἐρειπίοις
871 1823 957 1862 τῶν
980 1822 1120 1862 στοιῦν
1147 1819 1444 1873 ἐμπίπτοντες
1474 1817 1732 1876 ἡττωμένων
1764 1835 1872 1874 συμ-

328 1931 560 1966 PAMLVRC
572 1932 874 1975 LatHegesippus
899 1930 931 1965 V
955 1933 998 1963 42
1023 1941 1057 1974 p.
1085 1933 1161 1964 360.
1194 1930 1352 1964 Zonaras
1379 1931 1395 1963 1
1419 1942 1453 1974 p.
1480 1934 1558 1964 541.

327 1991 345 2021 2
372 1991 438 2024 τοῦ
463 1985 618 2024 ἔνδοθεν
643 1987 749 2032 ἱεροῦ
774 1997 841 2021 om.
861 1986 927 2030 Syr
951 1986 1034 2020 fort.
1054 1987 1149 2020 recte
1241 1982 1407 2027 ἔνδοθεν]
1433 1983 1541 2022 ἔνδον
1557 1986 1586 2020 L
1605 1987 1788 2022 interioris
1805 1987 1874 2021 Lat

213 2039 353 2085 ἔξωθεν
378 2043 526 2079 Hudson
612 2048 630 2077 3
658 2046 760 2083 ναοί]
786 2039 941 2077 ἔνδοθεν
966 2043 1060 2077 ναοῦ
1084 2041 1183 2084 ASyr
1267 2042 1594 2087 παρηκολούθουν]
1621 2056 1722 2087 παρη
1739 2046 1773 2076 et
1791 2053 1872 2087 spa-

213 2099 299 2134 tium
324 2109 478 2134 uacuum
496 2103 536 2133 20
555 2100 628 2134 fere
652 2098 718 2133 litt.
739 2098 766 2132 P
784 2100 984 2144 παρῆλθον
1009 2096 1177 2132 MLVRC
1204 2098 1424 2132 transierunt
1441 2098 1511 2132 Lat
1581 2101 1600 2131 4
1625 2095 1712 2133 οὔτε
1730 2098 1829 2132 AVR

214 2157 340 2191 δείσασ
364 2166 408 2190 ex
431 2156 559 2192 δεῖσαν
576 2166 666 2190 corr.
685 2155 716 2188 A
788 2150 900 2199 ὁρμῇ]
926 2156 946 2188 δ
953 2149 960 2161 '
981 2149 1080 2198 ὁρμῇ
1098 2153 1271 2188 Destinon
1363 2157 1382 2187 5
1408 2150 1567 2198 ἁρπάζει
1585 2172 1627 2178 -
1645 2155 1665 2186 6
1689 2155 1824 2198 θυρίδι]
1851 2165 1873 2188 a

213 2211 462 2246 contubernali
485 2222 551 2246 suo
575 2211 781 2246 sustollitur
797 2214 833 2244 et
848 2220 897 2244 ex
913 2208 1063 2243 ardente
1079 2209 1230 2243 materia
1248 2212 1393 2254 raptum
1417 2210 1535 2254 iqnem
1553 2210 1588 2244 ιἰι
1603 2209 1803 2254 fenestram
1820 2210 1872 2243 in-

211 2268 297 2301 serit
320 2267 390 2301 Lat
412 2268 614 2302 semiustam
639 2270 790 2301 nanctus
814 2266 1018 2307 materiam,
1043 2275 1138 2309 quae
1160 2264 1204 2299 de
1225 2265 1379 2309 fastigio
1405 2264 1603 2304 deciderat,
1638 2264 1764 2299 adulto
1790 2265 1873 2308 ayne

208 2327 339 2367 portae
362 2322 521 2357 admouit
537 2323 614 2366 Heg
682 2318 838 2368 φλογός]
865 2321 926 2355 ΡΑ
950 2323 985 2355 et
1002 2325 1042 2354 ut
1060 2319 1129 2355 uid.
1148 2320 1214 2365 Syr
1238 2322 1360 2356 στοᾶσ
1375 2320 1397 2354 i.
1416 2330 1524 2363 marg.
1541 2320 1574 2353 A
1591 2314 1681 2366 ὕλησ
1704 2321 1871 2356 ΜΙΝΒΟ

211 2372 296 2424 ’ὕλης
311 2378 427 2425 μέρος
440 2379 516 2413 Zon
594 2381 614 2412 6
628 2378 676 2419 δὲ]
695 2374 731 2413 δ’
746 2378 805 2412 LO
868 2374 1162 2422 συστρατιώτου]
1181 2386 1261 2410 cum
1274 2376 1343 2410 Lat
1359 2376 1501 2410 Bekker
1517 2373 1752 2421 στρατιώτου
1769 2377 1871 2411 codd.

211 2433 287 2468 Zon
356 2436 488 2481 θυρίδη
510 2434 544 2470 R
610 2436 728 2481 χρυσῆ
753 2434 875 2479 θυρίδι
900 2435 944 2468 tr.
970 2433 1000 2466 L
1071 2435 1087 2464 ἰ’
1115 2428 1268 2474 εἰσιτὸν,
1293 2445 1326 2467 ιτ
1343 2441 1387 2465 ex
1404 2441 1495 2466 corr.
1521 2443 1567 2465 m.
1586 2435 1604 2466 2
1622 2431 1655 2466 R
1724 2434 1743 2466 8
1769 2431 1872 2477 αἰρο-

211 2489 338 2536 μένησ,
364 2503 408 2535 ρο
427 2502 455 2525 s.
473 2493 505 2524 A
578 2494 616 2524 10
641 2485 689 2525 δι’
709 2486 742 2530 ὅ]
768 2484 818 2524 δι’
836 2481 880 2524 οὗ
904 2488 999 2522 PAL
1024 2483 1075 2523 δι’
1095 2483 1115 2523 ὃ
1139 2489 1203 2523 καὶ
1226 2487 1361 2523 MVRC
1386 2488 1488 2521 cuius
1511 2488 1633 2532 qratia
1657 2487 1727 2522 Lat
1751 2484 1798 2523 δι’
1827 2482 1873 2523 ὃν

213 2545 399 2590 Destiuon3
420 2546 465 2581 cf.
482 2546 578 2580 infra
594 2548 676 2588 322;
703 2545 756 2579 III
777 2547 854 2587 1963
872 2543 904 2578 V
921 2546 986 2578 543
1059 2546 1099 2578 12
1117 2543 1155 2579 δὲ
1172 2546 1266 2585 (ante
1281 2540 1392 2585 κατὰ)
1408 2554 1476 2578 om.
1491 2543 1523 2578 V
1590 2539 1687 2579 κατὰ
1706 2540 1772 2587 τὴν
1789 2555 1872 2589 σκη-

213 2599 279 2646 νὴν
302 2601 341 2635 Μ
413 2604 452 2635 13
478 2597 729 2647 ἀναπηδήσας]
756 2596 1001 2645 α’ναπηδήσασ
1018 2599 1056 2635 δὲ
1073 2599 1139 2634 VR
1208 2596 1294 2635 ἔθεε
1318 2599 1384 2634 VR
1404 2595 1469 2635 ἔθε
1487 2599 1513 2633 G
1585 2602 1625 2633 14
1650 2595 1774 2643 εἷρξον
1798 2599 1871 2634 PC¹

212 2676 344 2724 εἷρξων
366 2679 445 2720 (sic)
468 2680 501 2713 A
525 2678 634 2724 εἷ’ρξω
654 2678 704 2713 R²
772 2657 914 2715 κατόγῖι
937 2679 970 2712 Α
1039 2676 1072 2713 δ’
1093 2677 1119 2710 C
1194 2680 1231 2711 15
1257 2677 1479 2723 πτωηθέντα
1504 2676 1609 2712 PL¹C
1677 2671 1868 2723 ἠκολούθη

213 2734 307 2771 ARC
377 2730 412 2770 δ’
439 2734 498 2769 LC
571 2738 608 2769 17
635 2735 753 2778 φωνῇ]
780 2733 810 2766 L
833 2736 908 2780 βοῆ
932 2732 1132 2768 PAMVRO
1157 2743 1244 2768 uoce
1267 2732 1338 2767 Lat
1407 2730 1602 2778 διεσήμανε
1628 2731 1654 2767 C
1728 2735 1766 2767 18
1790 2734 1867 2777 μεί-

213 2793 301 2834 ζωνι
319 2789 345 2824 C
419 2793 457 2824 19
483 2795 564 2831 τοῖς
580 2787 748 2833 νεύμασι]
774 2788 986 2824 PAMLZon
1008 2791 1062 2824 τῶ
1079 2783 1230 2832 νεύματι
1247 2788 1342 2823 VRC
1359 2793 1483 2823 nutum
1501 2788 1570 2822 Lat
1640 2790 1680 2822 20
1698 2784 1736 2823 δ’
1753 2787 1824 2822 ML

214 2844 406 2890 σπώμενοι
430 2845 459 2879 L
552 2844 690 2881 εἶσθα*
705 2842 828 2879 όντων
851 2843 879 2877 P
971 2846 1009 2878 21
1040 2841 1127 2879 οὔτε
1151 2843 1308 2878 PLVRC
1399 2840 1486 2880 ἀλλ’
1513 2841 1546 2884 ὁ]
1573 2839 1665 2879 ἀλλὰ
1690 2842 1785 2878 VRC

214 2904 256 2936 24
279 2900 443 2947 ἐριπίοισ
468 2900 550 2935 V¹R
640 2898 893 2936 ε’κπίπτοντεσ
916 2898 944 2931 Ρ
1036 2895 1251 2943 ἡττωμένων
1275 2899 1303 2933 Ρ
1327 2899 1541 2943 καιομένων
1564 2898 1740 2934 Destinon

1905 890 1940 923 10

1905 1226 1941 1258 15

1904 1561 1943 1593 20
