2039 3282
779 727 1151 782 PRAEFATIO.

922 890 1012 937 §L

249 1012 387 1054 Flauii
410 1011 579 1064 Iosephi
602 1016 823 1065 postquam
846 1011 1031 1064 quinque
1052 1010 1337 1053 uoluminibus
1359 1013 1634 1065 antiquitates
1656 1014 1795 1057 Iudai·

133 1091 209 1121 cae
249 1083 290 1121 et
321 1080 415 1121 libri
457 1083 600 1121 contra
628 1078 837 1131 Apionem
878 1078 1021 1131 scripti
1063 1077 1166 1119 editi
1197 1082 1311 1132 sunt,
1350 1092 1459 1121 nune
1490 1082 1795 1123 communicato

131 1146 278 1188 labore
309 1160 335 1188 a
363 1147 484 1188 nobis
524 1146 732 1187 recensita
770 1144 912 1200 prodit
952 1144 1128 1187 historia
1167 1145 1267 1187 belli
1306 1145 1489 1199 Iudaici,
1529 1160 1654 1201 quam
1695 1162 1794 1201 quo-

132 1212 259 1255 modo
282 1214 372 1267 ipse
393 1212 598 1266 Iosephus
627 1212 888 1266 inscripserit
918 1226 1000 1255 non
1032 1213 1091 1254 ita
1122 1217 1296 1267 constat,
1328 1217 1373 1255 ut
1403 1213 1625 1256 dubitandi
1656 1215 1794 1258 nullus

132 1280 250 1323 locus
282 1281 555 1334 relinquatur,
588 1279 662 1322 sed
695 1280 821 1323 ualde
843 1280 1065 1335 probabile
1097 1284 1160 1322 est
1192 1292 1285 1322 eum
1318 1279 1488 1323 dedisse
1520 1282 1576 1335 id,
1609 1282 1721 1336 quod
1754 1283 1796 1324 in

132 1347 278 1390 codice
301 1348 493 1390 Parisino
520 1349 625 1389 1425
648 1348 712 1390 bis
735 1352 851 1389 extat
878 1346 1052 1401 ἱστορία
1068 1341 1306 1388 Ἰουδαϊκοῦ
1338 1347 1535 1400 πολέμου
1570 1347 1679 1402 πρὸς
1697 1345 1796 1390 Ῥω-

130 1417 311 1466 μαίους,·
333 1414 412 1457 hoc
429 1416 539 1457 enim
562 1419 604 1457 et
624 1415 685 1457 rei
707 1415 892 1457 maxime
914 1414 1279 1457 accommodatum
1302 1419 1366 1456 est
1387 1420 1427 1457 et
1443 1415 1627 1469 Iosepho
1648 1417 1729 1470 ipsi
1753 1417 1796 1458 in

131 1495 207 1525 usu
231 1482 311 1524 fuit
331 1483 372 1536 ¹),
404 1483 485 1525 nisi
517 1482 631 1537 quod
653 1482 861 1524 interdum
884 1482 1054 1525 breuius
1070 1477 1284 1523 Ἰουδαϊκά
1306 1487 1378 1524 aut
1394 1478 1631 1539 ’[ουὸαϊκὴν
1654 1499 1795 1538 πραγ-

129 1551 315 1601 ματείαν
362 1549 582 1592 historiam
622 1563 740 1592 suam
781 1550 973 1603 appellat
989 1551 1030 1597 2).
1101 1550 1252 1592 eodem
1290 1550 1379 1592 fere
1417 1551 1587 1593 nomine
1626 1555 1796 1594 utuntur

130 1621 259 1660 testes
290 1617 549 1671 antiquiores
581 1616 847 1671 Theophilus
883 1616 1220 1666 Antiochenusss)
1260 1617 1468 1660 Eusebius
1484 1620 1513 1668 4)
1553 1618 1794 1672 Stephanus

130 1684 359 1738 Byzantius
375 1686 417 1733 ⁵).
480 1685 687 1728 Eusebius
717 1688 859 1726 tamen
891 1683 1101 1726 interdum
1132 1685 1326 1726 breuiore
1365 1684 1637 1728 historiarum
1669 1700 1793 1729 uoca-

129 1751 228 1793 bulo
276 1752 404 1794 utitur
419 1752 448 1800 6)
498 1752 776 1805 similiterque
826 1750 1110 1806 Porphyrius,
1157 1752 1229 1805 qui
1278 1752 1448 1805 Iosephi
1498 1753 1627 1796 libros
1678 1753 1795 1796 hisce

127 1818 276 1860 laudat
292 1821 339 1868 τ);
371 1816 414 1860 ἓν
436 1820 499 1873 τῷ
522 1818 708 1873 δευτέρῳ
730 1820 806 1875 τῆς
827 1817 1060 1873 Ἰουδαϊκῆς
1084 1817 1292 1873 ἱστορίας,
1317 1816 1365 1872 ἣν
1387 1813 1447 1860 δι)
1475 1817 1588 1860 ἑπτὰ
1608 1820 1794 1873 βιβλίων

131 1884 488 1940 συνεπλήρωσεν,
539 1899 677 1940 neque
708 1887 831 1928 aliter
862 1887 1067 1929 uersionis
1099 1886 1276 1929 Latinae
1308 1886 1500 1929 codicem
1543 1888 1793 1930 Vaticanum

128 1953 375 2008 inscriptum
442 1954 637 1997 uidemus
696 1953 967 1994 historiarum
1010 1953 1181 2007 Iosephi
1228 1953 1327 1993 libri
1375 1967 1546 1994 numero
1601 1953 1693 1995 VII.
1755 1959 1796 1997 et

128 2020 345 2063 fatendum
387 2025 449 2063 est
487 2035 539 2063 ne
580 2020 689 2064 hanc
727 2021 900 2075 quidem
939 2022 1257 2075 inscriptionem
1295 2034 1438 2064 carere
1470 2022 1654 2075 ratione,
1694 2036 1791 2064 nam

127 2101 172 2131 re
203 2102 306 2131 uera
336 2088 460 2131 huius
492 2090 630 2142 operis
660 2102 758 2143 pars
790 2088 904 2131 haud
937 2089 1093 2142 exigua
1122 2088 1375 2131 Iudaeorum
1406 2103 1473 2131 res
1504 2093 1601 2132 ante
1633 2089 1791 2131 bellum

129 2161 270 2209 gestas
301 2157 579 2210 persequitur.
632 2157 716 2198 lam
749 2156 828 2199 hoe
851 2156 1121 2198 historiarum
1154 2157 1407 2199 uocabulum
1429 2170 1512 2199 non
1534 2157 1664 2199 multo
1695 2162 1791 2210 post

128 2222 188 2265 ita
225 2227 394 2266 auctum
431 2227 514 2276 est,
553 2228 597 2266 ut
634 2237 768 2266 nouus
809 2224 954 2266 titulus
996 2227 1184 2265 oreretur
1218 2218 1428 2279 Ἰουὸαῑκὴ
1473 2223 1646 2277 ἱστορέει
1684 2224 1789 2277 περὶ

129 2285 335 2338 ἁλώσεως
372 2295 445 2333 aut
484 2291 652 2333 breuior
691 2291 795 2345 περὶ
837 2286 1063 2341 ἁλώσεως,
1107 2291 1178 2343 qui
1210 2291 1268 2332 ita
1299 2292 1498 2344 inualuit,
1538 2295 1583 2332 ut
1613 2304 1663 2333 eo
1694 2296 1791 2345 post

129 2356 358 2400 Eusebium
389 2362 431 2400 et
461 2359 604 2411 graeci
636 2362 678 2401 et
708 2359 827 2400 latini
850 2360 1075 2414 scriptores
1097 2359 1157 2400 uti
1179 2359 1344 2401 soleant
1365 2370 1595 2411 omnesque
1623 2358 1792 2401 codices

128 2429 294 2477 praeter
316 2425 498 2468 Parisini
525 2425 629 2468 duos
660 2426 775 2469 locos
808 2439 903 2468 eum
934 2426 1015 2468 sibi
1045 2426 1296 2479 asciuerint3
1333 2426 1415 2479 ipsi
1446 2430 1588 2468 tamen
1608 2425 1791 2480 Iosepho

129 2491 244 2534 nullo
275 2491 401 2534 modo
433 2491 678 2536 tribuendus
710 2496 823 2543 estss).

240 2558 330 2600 Iam
361 2560 397 2601 si
427 2559 599 2614 Iosephi
630 2561 727 2603 libri
759 2574 809 2604 eo
843 2561 990 2603 ordine
1022 2574 1104 2615 quo
1138 2561 1284 2616 scripti
1324 2565 1420 2603 sunt
1451 2565 1592 2602 essent
1623 2560 1791 2614 edendi,

129 2623 286 2667 bellum
327 2626 544 2670 Iudaicum
589 2629 768 2682 primum
810 2629 1008 2671 uolumen
1049 2628 1239 2671 obtinere
1278 2627 1473 2670 debebat.
1542 2640 1636 2669 cum
1678 2629 1791 2669 enim

250 2748 281 2787 1)
305 2746 386 2781 uide
410 2749 629 2791 prooemium
653 2749 736 2783 belli
760 2749 856 2791 Iud.;
887 2750 973 2785 Ant.
998 2749 1075 2783 Iud.
1100 2749 1117 2783 Ι
1143 2752 1179 2791 4;
1206 2752 1245 2793 ὃς
1277 2751 1352 2783 203.
1379 2747 1500 2781 XVlIl
1529 2751 1582 2791 11;
1614 2747 1682 2781 ΧΧ
1708 2751 1789 2792 258;

129 2800 194 2835 uit.
220 2804 297 2837 412.
475 2806 506 2845 2)
530 2805 573 2839 A.
600 2804 678 2839 Iud.
703 2804 791 2838 XllI
815 2808 873 2849 723
904 2807 983 2848 1733
1010 2807 1087 2840 298.
1249 2807 1281 2841 3)
1307 2803 1495 2847 Theophil.
1521 2803 1567 2837 ad
1591 2804 1711 2839 Autol.
1738 2804 1790 2838 ΙΙΙ

129 2866 164 2898 p.
191 2859 267 2892 248.
295 2860 370 2893 253.
485 2861 518 2900 4)
542 2859 624 2894 hist.
650 2861 777 2895 eccles.
803 2861 820 2894 I
847 2865 877 2902 5,
897 2863 933 2904 ὃς
957 2860 992 2894 II
1018 2863 1050 2902 6,
1067 2864 1097 2894 4.
1215 2865 1247 2902 5)
1272 2871 1300 2895 s.
1328 2860 1531 2905 Φασαηλίς.
1649 2863 1682 2901 6)
1706 2860 1788 2894 hist.

129 2911 213 2945 eccl.
233 2911 288 2945 III
305 2915 336 2954 8,
356 2916 386 2947 1.
458 2916 490 2956 7)
514 2914 557 2949 de
581 2915 710 2951 abstin.
728 2916 778 2951 IV
802 2920 837 2952 11
864 2928 900 2961 p.
921 2919 998 2958 245,
1018 2920 1055 2950 17
1075 2916 1205 2951 Nauck
1276 2919 1308 2959 8)
1334 2916 1378 2950 cf.
1404 2916 1476 2951 uol.
1504 2915 1521 2949 I
1544 2914 1658 2960 praef.
1684 2915 1787 2959 p.VI.

1467 2973 1518 3005 a*
