2039 3282
834 192 1023 227 Praefatio.
1658 191 1759 226 XVII

210 309 277 349 21.
311 307 447 350 codex
481 306 764 349 bibliothecae
797 307 1015 350 Parisinac
1047 308 1329 350 Coislinianus
1369 321 1455 349 nro.
1491 310 1563 348 131
1586 308 1612 356 ¹)
1644 307 1758 349 bom-

98 374 273 427 bycinus
296 375 492 417 foliorum
510 376 604 428 235,
629 376 771 428 paullo
794 381 890 416 ante
912 390 1065 417 annum
1093 389 1130 429 1).
1150 375 1246 417 Chr.
1270 376 1369 416 1351
1397 380 1607 428 exaratus,
1641 375 1759 416 initio

96 449 138 483 et
169 441 250 483 tine
272 443 497 494 multisque
520 443 615 483 aliis
638 443 742 484 locis
771 443 954 496 mutilus,
987 456 1091 495 quos
1114 444 1295 484 restituit
1317 456 1463 484 manus
1485 443 1642 484 saeculi
1666 441 1757 482 XV.

96 509 137 549 in
179 509 280 551 folio
316 512 332 549 1
370 514 411 550 et
441 511 465 549 2
506 516 652 550 extant
692 516 893 563 excerpta
934 524 987 551 ex
1026 509 1198 563 Iosephi
1240 515 1385 551 contra
1424 509 1609 551 Graecos
1652 509 1758 550 libro

96 576 239 629 spurio
280 581 321 618 et
360 590 468 630 quae
509 577 550 617 in
583 577 916 630 Antiquitatibus
947 577 1037 618 Iud.
1071 577 1124 618 de
1157 577 1250 619 lesu
1283 577 1449 619 Christo
1491 582 1532 617 et
1570 575 1756 618 iohanne

95 642 280 696 baptista
310 644 540 685 traduntur.
591 645 735 687 titulus
766 645 906 695 abest3
940 645 1095 686 desinit
1116 659 1156 697 p.
1180 647 1273 696 591,
1300 647 1317 684 1
1352 645 1394 685 in
1427 640 1446 697 ἦ
1484 640 1756 696 παρασκευῇ.

96 710 297 752 lectiones
330 725 384 753 ex
416 725 465 753 co
499 716 720 765 excerptas
752 712 872 753 dedit
902 711 1241 764 Hauerkampus.

210 780 276 819 22.
310 779 446 820 codex
478 778 785 833 Philippicus2)
820 778 1104 820 bibliothecae
1136 778 1326 819 Thomae
1358 777 1572 830 Phillipsii
1603 778 1758 830 equitis

96 846 266 887 saeculo
288 846 376 887 sere
397 847 478 887 Xll
501 847 680 899 scriptus
703 847 1060 888 membranaceus.
1113 845 1298 886 continet
1319 844 1421 885 belli
1443 844 1606 886 Iudaici
1628 845 1758 887 libros

96 913 282 965 integros
300 926 392 954 cum
414 914 653 955 testimonio
671 913 931 966 Christian03
955 911 1204 954 exciderunt
1221 925 1260 965 p.
1284 914 1374 964 138,
1388 914 1438 950 22
1458 910 1688 965 θήσεσθαι
1705 934 1758 941 —

100 982 190 1031 141,
213 981 237 1018 2
272 975 558 1034 ἔνι-έστρᾱψεν,
592 994 700 1033 quae
731 985 879 1033 postca
909 981 1107 1033 suppleta
1137 985 1244 1021 sunt.
1301 985 1578 1021 correctorem
1613 979 1760 1021 habuit

96 1048 385 1088 recentiorem.
436 1061 546 1089 nunc
568 1047 733 1088 uidetur
755 1060 848 1089 esse
870 1046 1193 1089 Sheltenhamii.
1254 1052 1387 1088 totum
1420 1047 1606 1088 excussit
1628 1047 1758 1089 Card-

96 1115 245 1156 vvellus
277 1115 478 1167 deditque
509 1115 673 1166 signum
705 1114 753 1154 T.

208 1183 273 1223 23.
328 1182 463 1224 codex
511 1182 803 1233 Redigeranus
851 1181 1134 1224 bibliothecae
1191 1181 1360 1223 urbicae
1415 1179 1760 1223 Vratislauiensis

95 1262 182 1289 nro.
213 1250 292 1290 283
309 1250 338 1298 3)
375 1248 619 1290 chartaceus
648 1248 845 1290 foliorum
877 1251 958 1289 266
989 1250 1149 1292 saeculi
1179 1249 1266 1290 fere
1291 1248 1383 1289 XV.
1436 1249 1622 1290 continet
1657 1248 1760 1290 belli

95 1315 257 1357 Iudaici
278 1316 405 1357 libros
436 1316 643 1368 integros3
675 1316 796 1358 abest
820 1317 916 1358 libri
937 1317 958 1358 I
979 1318 1144 1369 titulus;
1177 1317 1220 1357 in
1242 1315 1323 1358 fine
1346 1316 1620 1358 subscribitur
1653 1313 1760 1363 δόξα

94 1383 156 1421 zu]
186 1383 303 1423 ὓειῦ·
336 1381 441 1431 δόξα
470 1384 523 1437 τῇ
555 1381 767 1433 θεοῖόκω,
798 1379 921 1439 ἡμῶν
944 1382 1050 1432 δόξα
1073 1397 1158 1424 σοι.
1209 1383 1360 1425 desunt
1380 1396 1421 1436 p.
1445 1385 1511 1435 24,
1537 1385 1587 1424 16
1609 1383 1760 1425 eadem

95 1457 220 1503 atque
267 1451 309 1492 in
353 1450 638 1504 Berolinensi,
685 1451 761 1493 sed
806 1452 1004 1505 suppleta
1047 1465 1131 1493 non
1176 1456 1290 1504 sunt3
1345 1450 1501 1492 deinde
1548 1451 1630 1492 duo
1676 1451 1761 1494 loci

94 1530 134 1570 p.
158 1520 223 1570 39,
242 1519 293 1557 22
311 1540 364 1546 —
381 1521 447 1571 44,
474 1520 523 1560 18
547 1523 588 1560 et
611 1520 676 1572 63,
702 1520 751 1558 19
773 1541 828 1546 —-
851 1520 916 1573 68,
939 1522 988 1559 14
1020 1519 1129 1560 inter
1160 1531 1205 1560 se
1237 1518 1482 1560 commutati
1505 1524 1612 1570 sunt,
1646 1518 1760 1571 quod

95 1585 137 1625 in
168 1586 355 1638 margine
387 1599 534 1628 manus
564 1586 702 1638 prima
734 1586 885 1628 eodem
908 1586 1033 1628 modo
1056 1586 1290 1639 adnotauit,
1323 1598 1404 1638 quo
1432 1586 1474 1626 in
1496 1585 1760 1627 Berolinensi

94 1652 249 1693 factum
280 1665 372 1695 esse
403 1653 588 1695 diximus
619 1654 675 1706 (p.
698 1653 810 1703 XII).
861 1668 959 1696 usus
991 1660 1054 1696 est
1085 1653 1164 1696 hoc
1195 1653 1342 1696 codice
1372 1652 1572 1704 Hudson;
1604 1651 1760 1694 deinde

95 1719 309 1773 Marburgi
340 1719 488 1761 habuit
517 1720 700 1762 Niesius.

206 1789 272 1828 24.
304 1787 441 1829 codex
462 1788 837 1842 Rostgaardianus‚
870 1789 942 1842 qui
972 1801 1083 1831 nunc
1113 1793 1178 1831 est
1207 1788 1403 1830 Hauniae
1435 1788 1477 1828 in
1499 1786 1761 1829 bibliotheca

95 1855 213 1907 regia
242 1855 402 1897 maiore
432 1856 588 1897 ueteris
618 1855 737 1897 fundi
767 1869 856 1897 nro.
891 1858 998 1898 1569
1032 1856 1278 1898 chartaceus
1317 1857 1487 1898 saeculo
1519 1860 1564 1896 ut
1593 1854 1761 1896 uidetur

95 1922 195 1963 XlV
228 1926 408 1964 exeunte
432 1927 641 1964 exaratus.
702 1923 888 1964 continet
909 1923 1064 1964 bellum
1087 1924 1305 1966 Iudaicum
1326 1929 1470 1965 totum.
1522 1922 1762 1965 inscribitur

96 1990 283 2044 φλαύιόυ
317 1987 517 2045 ἰωσήπου
549 1990 653 2040 περὶ
687 1985 894 2038 ἁλώσεως
926 1988 1127 2038 ἰουόαίας
1157 1991 1230 2031 καὶ
1261 1991 1337 2044 τῆς
1367 1985 1556 2046 μεγάλης
1587 1987 1761 2037 πόλεως

96 2054 222 2110 λόγος
254 2054 280 2097 ἆ
313 2055 524 2098 &aarum
559 2057 629 2097 καὶ
664 2055 830 2111 φράσει
860 2055 1073 2113 {Mum-aff.
1136 2058 1348 2100 adiectum
1381 2065 1444 2100 est
1475 2058 1759 2099 testimonium

96 2124 380 2166 Christianum
402 2130 443 2166 et
465 2126 671 2167 mensium
693 2126 849 2166 tabula.
895 2132 1151 2167 correctores
1173 2126 1340 2167 fuerunt
1364 2125 1460 2166 duo.
1505 2127 1547 2166 in
1569 2124 1759 2177 margine

96 2192 256 2244 aliquot
273 2192 552 2245 capitulorum
570 2197 714 2234 extant
731 2193 906 2235 numeri.
946 2194 1011 2234 usi
1033 2200 1129 2235 sunt
1150 2193 1328 2235 Hudson
1351 2198 1392 2234 et
1411 2192 1758 2245 Hauerkampus3

95 2259 180 2300 alia
208 2272 341 2312 nuper
374 2259 587 2312 excerpsit
607 2259 790 2301 Niesius.
852 2260 1007 2302 librum
1047 2261 1229 2314 primum
1262 2260 1449 2302 excussit
1479 2259 1757 2303 Haueniush'.

209 2327 275 2367 25.
307 2326 444 2368 codex
468 2327 696 2368 Vaticanus
717 2341 778 2380 gr.
797 2328 877 2368 983
900 2327 1147 2370 chartaceus
1168 2328 1364 2369 foliorum
1390 2329 1469 2369 339
1492 2327 1651 2369 saeculi
1666 2325 1759 2366 XV.

98 2392 354 2435 inscribitur:
378 2391 579 2449 ἰωσὴγιου
595 2393 812 2449 φλαουίου
835 2395 939 2447 περὶ
956 2390 1175 2442 ἁλώσεως.
1214 2394 1368 2436 desinit
1383 2395 1427 2436 in
1449 2394 1579 2436 uerba
1599 2395 1761 2446 κρίνειν

100 2453 420 2509 ἀπολελειφθῶ
451 2476 492 2516 p.
524 2463 618 2515 624,
653 2464 701 2503 13
733 2463 909 2515 reliquis
941 2463 1146 2505 euanidis.
1216 2463 1490 2516 inspexerunt
1519 2461 1689 2502 Niesius
1721 2466 1762 2501 et

100 2526 149 2568 A.
179 2527 289 2570 Mau.

211 2596 277 2637 26.
309 2596 446 2638 codex
469 2596 694 2638 Vaticanus
716 2611 776 2649 gr.
800 2598 882 2638 984
903 2598 1083 2651 scriptus
1114 2610 1224 2638 anno
1255 2610 1295 2650 p.
1318 2596 1415 2638 Chr.
1441 2598 1561 2649 1354,
1594 2595 1646 2637 de
1678 2609 1760 2648 quo

101 2659 257 2702 dictum
297 2667 360 2704 est
398 2664 441 2704 in
480 2662 744 2717 praefatione
775 2665 858 2706 uol.
888 2664 908 2705 I
931 2678 971 2718 p.
997 2664 1113 2706 XXI.
1173 2665 1331 2706 bellum
1362 2663 1580 2705 Iudaicum
1612 2663 1762 2716 incipit

219 2774 250 2812 1)
274 2771 509 2808 Montfaucon
525 2773 687 2809 biblioth.
705 2773 922 2808 Coisliniana
938 2784 972 2817 p.
989 2777 1064 2808 202.
1154 2777 1185 2816 2)
1203 2773 1282 2808 uide
1300 2773 1484 2808 Cardwelli
1502 2772 1761 2817 praefationem

102 2837 137 2869 p.
162 2826 240 2862 VII.
377 2831 411 2869 3)
437 2829 622 2872 catalogus
649 2829 813 2864 codicum
837 2829 1057 2865 Graecorum
1081 2830 1142 2874 qui
1165 2830 1203 2864 in
1228 2830 1444 2864 bibliotheca
1469 2829 1595 2863 urbica
1619 2828 1762 2863 Vratis-

102 2881 252 2917 laniensi
273 2884 510 2919 adseruantur
535 2884 694 2927 (Vratisl.
714 2889 813 2928 1889)
840 2897 876 2930 p.
895 2889 950 2921 68.
1049 2890 1082 2929 4)
1100 2890 1140 2921 ut
1165 2885 1253 2921 dixit
1279 2884 1427 2919 Carolus
1447 2884 1569 2919 Graux
1586 2883 1762 2926 (arclcc'ces

101 2935 164 2970 des
187 2938 354 2973 missions
382 2941 637 2986 scientifiques,
660 2945 694 2976 5.
719 2942 824 2983 se'rie,
849 2943 917 2978 vol.
952 2942 982 2976 V
983 2940 1005 2976 I
1028 2942 1151 2984 (Paris
1174 2943 1271 2984 4880)
1295 2934 1334 2987 p.
1359 2942 1443 2983 474).

172 2997 312 3032 Iosephus
328 3000 382 3029 VI.
1469 2997 1491 3031 b
