2018 3236
123 269 203 311 396

121 535 199 576 397

123 870 202 910 398

124 1005 203 1046 399

125 1274 205 1313 400

128 1544 206 1582 401

234 154 313 191 228
665 152 730 186 DE
756 152 916 186 BELLO
943 151 1039 187 IUD.
1065 151 1100 185 II
1124 154 1298 186 396—401
1325 154 1396 195 (XVI
1423 155 1453 195 4)

234 264 378 314 καλόν,
412 255 444 304 ὦ
468 264 606 319 φίλοι,
628 262 770 315 καλόν,
804 263 884 313 ἕως
915 263 979 306 ἔτι
1011 262 1055 305 ἒν
1086 258 1207 319 ὅρμῳ
1237 263 1285 306 τὸ
1320 263 1488 321 σκάφος
1518 268 1884 319 προσκέπτεσθαι

232 331 307 374 τὸν
337 332 553 384 μέλλοντα
580 333 772 382 χειμῶνα
802 326 906 385 μηδ’
951 329 1014 379 εἰς
1050 334 1188 384 μέσας
1217 329 1296 380 τὰς
1333 332 1527 381 θυέλλας
1558 328 1886 386 ἀπολουμένους

234 394 503 453 ἀναχθῆναι·
543 405 637 446 τοῖς
674 397 753 451 μὲν
782 396 864 452 γὰρ
896 396 943 447 ἐξ
976 392 1150 454 ἆδήλων
1191 396 1482 440 ἐπιπεσοῦσιν
1513 399 1674 449 δεινοῖς
1703 398 1752 441 τὸ
1784 402 1886 454 γοῦν

235 465 459 505 ἐλεεῖσθαι
483 467 720 517 περίεστιν,
743 461 765 507 ὃ
791 463 834 505 δ’
859 464 921 514 εἷς
942 464 1163 521 πρόδηλον
1186 460 1413 507 ἀπώλειαν
1435 461 1630 522 ὁρμήσας
1650 467 1724 508 καὶ
1746 481 1886 521 προσ-

234 529 504 581 ονειδίζεται.
570 529 685 588 πλὴν
725 530 763 573 εἰ
799 531 857 588 μή
895 548 962 581 τις
1000 528 1305 586 ὑπολαμβάνει
1343 530 1453 574 κατὰ
1495 533 1716 589 συνθήκας
1753 535 1889 576 πολε-

231 596 386 653 μήσειν
416 599 488 640 καὶ
515 594 750 651 Ῥωμαίους
787 598 1087 654 κρατήσαντας
1125 596 1247 652 ὑμῶν
1277 599 1550 654 μετριάσειν,
1583 595 1684 641 ἂλλέ
1720 595 1795 642 οὐκ
1826 600 1888 650 εἷς

231 661 478 719 ὑπόδειγμα
498 667 586 707 τῶν
608 662 753 707 ἄλλων
775 665 918 708 ε’θνιῦν
939 665 1226 721 καταφλέξειν
1246 667 1324 719 μὲν
1344 665 1421 723 τὴν
1445 665 1565 721 ἱερὰν
1586 667 1731 719 πόλιν,
1764 663 1889 710 ἆναι-

233 730 381 785 ρήσειν
413 731 458 773 δὲ
490 734 581 774 πᾶν
610 730 731 786 ὑμῶν
761 731 809 775 τὸ
835 734 994 788 φῦλον·
1027 729 1128 775 οὐδὲ
1157 731 1239 788 γὰρ
1261 735 1627 790 περιλειφθέντες
1649 736 1787 790 φυγῆς
1818 731 1888 776 εὑ-

234 797 388 854 ρήσετε
417 798 559 841 τόπον
591 797 800 842 ἁπάντων
834 798 1018 852 ἐχόντων
1052 797 1291 853 Ῥωμαίους
1322 801 1541 851 δεσπότας
1570 795 1598 859 ἢ
1630 800 1888 844 δεδοικότων

236 874 363 918 σχεῖν.
415 863 437 908 ὁ
471 866 517 908 δὲ
539 867 735 917 κίνδυνος
766 862 815 909 οὗ
846 869 933 909 τῶν
955 866 1117 909 ἐνθάδε
1146 867 1292 920 μόνον,
1326 864 1435 910 ἀλλὰ
1456 870 1529 911 καὶ
1549 871 1636 911 τιῦν
1665 867 1774 910 κατὰ
1807 867 1886 918 τὰς

235 929 371 982 ἄλλας
400 933 715 976 κατοικούντων
739 933 915 983 πόλεις·
949 930 997 976 οὗ
1027 933 1110 990 γὰρ
1141 934 1258 977 ἔστιν
1281 934 1353 977 ἐπὶ
1377 937 1452 992 τῆς
1473 935 1725 992 οἰκουμένης
1754 936 1890 991 δῆμος

236 998 257 1042 ὁ
289 1000 347 1057 μὴ
388 1009 547 1056 μοῖραν
584 998 797 1056 ἡμετέραν
838 1001 957 1054 ἔχων.
1025 1000 1099 1051 οὓς
1139 1001 1340 1052 ἅπαντας
1385 1002 1731 1059 πολεμησάντων
1769 1000 1889 1056 ὑμῶν

234 1066 590 1124 κατασφάξουσιν
632 1068 673 1110 οἱ
704 1069 945 1127 διάφοροι,
984 1071 1056 1111 καὶ
1098 1065 1155 1111 δι’
1200 1066 1358 1125 ὀλίγων
1398 1065 1566 1124 ἀνδρῶν
1604 1071 1890 1124 κακοβουλίαν

236 1137 362 1176 πᾶσα
384 1135 695 1192 πλησθήσεται
726 1136 858 1185 πόλις
873 1131 1113 1178 Ἰουδαϊκοῦ
1135 1135 1286 1193 φόνου.
1337 1138 1409 1179 καὶ
1432 1136 1658 1193 συγγνώμη
1690 1137 1768 1190 μὲν
1798 1145 1891 1186 τοῖς

235 1204 363 1244 τοῦτο
406 1201 649 1254 πράξασιν·
690 1195 742 1244 ἂν
783 1202 829 1244 δὲ
858 1201 914 1258 μή
957 1205 1162 1260 πραχθῇ,
1197 1205 1461 1258 λογίσασθε,
1502 1206 1598 1253 πῶς
1628 1202 1742 1259 πρὸς
1775 1198 1887 1245 οῧτω

238 1268 591 1324 φιλανθρώπους
621 1265 741 1312 ὅπλα
770 1279 903 1312 κινεῖν
936 1266 1128 1312 ἀνόσιον.
1189 1270 1429 1313 εἰσελθέτω
1461 1265 1501 1312 δ>
1539 1268 1682 1319 οἶκτος
1712 1267 1823 1324 ὑμᾶς
1854 1270 1892 1312 εἷ

238 1337 309 1378 καὶ
339 1335 396 1393 μή
419 1336 578 1379 τέκνων
608 1339 680 1379 καὶ
701 1339 926 1392 γυναικῶν,
959 1333 1070 1379 ἀλλὰ
1102 1340 1179 1394 τῆς
1209 1354 1256 1393 γε
1285 1337 1601 1394 μητροπόλεως
1630 1337 1790 1393 ταύτης
1819 1339 1891 1380 καὶ

237 1404 323 1444 τῶν
356 1403 484 1459 ἱερῶν
523 1403 786 1458 περιβόλων.
847 1408 1072 1460 φείσασθε
1109 1407 1186 1447 τοῦ
1226 1406 1343 1461 ἱεροῦ
1374 1406 1445 1447 καὶ
1477 1404 1553 1446 τὸν
1584 1403 1689 1446 ναὸν
1720 1404 1892 1454 ἑαυτοῖς

238 1468 347 1523 μετὰ
379 1472 467 1512 τῶν
499 1467 633 1525 ἁγίων
663 1470 901 1528 τηρήσατε·
937 1468 1178 1527 ἀφέξονται
1207 1471 1288 1528 γὰρ
1321 1468 1461 1514 οὐκέτι
1490 1469 1694 1526 Ῥωμαῖοι
1724 1471 1889 1514 τούτων

240 1533 552 1593 κρατήσαντες,
593 1533 652 1579 ὦν
693 1537 954 1594 φεισάμενοι
985 1538 1200 1595 πρότερον
1230 1535 1555 1596 ἠχαρίστηνται.
1614 1538 1891 1594 μαρτύρομαι

242 1603 288 1645 δὲ
319 1602 399 1658 ἐγώ
432 1604 510 1657 μὲν
541 1601 662 1658 ὑμῶν
693 1604 746 1646 τὰ
786 1600 889 1660 ἅγια
918 1608 988 1648 καὶ
1020 1605 1123 1657 τοὺς
1165 1605 1308 1661 ἱεροὺς
1339 1602 1544 1662 ἀγγέλους
1573 1607 1650 1647 τοῦ
1680 1607 1791 1647 θεοῦ
1820 1606 1891 1647 καὶ

358 1793 589 1828 PAMLVRC
601 1793 902 1839 Lat-,Hegesippus
927 1795 961 1828 II
986 1797 1005 1829 9
1030 1806 1065 1840 p.
1094 1799 1167 1830 145.

355 1852 370 1883 1
398 1845 462 1890 ἔτι]
490 1841 554 1885 ὅτε
578 1849 672 1884 VRC
698 1850 815 1884 adhuc
838 1850 907 1884 Lat
1000 1852 1317 1895 περισκέπτεσθαι
1342 1851 1370 1885 Ρ
1395 1850 1479 1885 fort.
1504 1853 1601 1884 recte
1694 1853 1713 1884 2
1736 1852 1809 1895 μηδ
1816 1845 1825 1859 '
1850 1869 1894 1875 -

241 1908 260 1939 3
278 1900 502 1951 ἀναχθῆναι]
520 1909 555 1939 et
572 1916 643 1939 non
661 1916 701 1939 eo
719 1909 889 1951 tempore,
909 1917 980 1950 quo
997 1907 1033 1940 in
1051 1906 1186 1943 medias
1202 1907 1319 1941 rueris
1330 1906 1525 1952 procellas,
1550 1906 1766 1950 nequiquam
1786 1906 1894 1951 trepi-

241 1961 330 1996 dare
354 1961 424 1995 Lat
492 1960 581 2006 μηδὲ·
605 1961 698 1996 VRC
768 1965 851 1995 ante
875 1961 943 2003 τὰς
966 1972 1035 1996 ras.
1063 1964 1149 1996 2-3
1173 1961 1241 1996 litt.
1267 1963 1298 1995 A
1369 1957 1663 2005 ἀπολουμένους]
1690 1957 1894 2005 α’πολλυμέ-

243 2029 334 2052 νουσ
358 2017 388 2050 L
413 2012 491 2052 άπὸ
519 2016 671 2060 λιμένοσ
696 2016 846 2051 MV¹RC
941 2020 959 2051 3
984 2015 1187 2061 ἐμπεσοῦσι
1204 2018 1242 2051 Μ
1259 2018 1342 2052 fort.
1370 2022 1484 2060 recte;
1510 2026 1590 2050 nam
1613 2022 1693 2058 τοῖς
1708 2016 1894 2050 masculini

242 2072 380 2116 generis
398 2075 452 2106 est
469 2081 535 2107 nec
551 2082 630 2106 cum
653 2075 787 2114 δεινοῖς
813 2073 1095 2117 c0n1ungendum
1165 2077 1185 2107 4
1210 2074 1247 2109 δὲ
1265 2073 1358 2108 VRC
1428 2085 1609 2118 προσονει
1621 2091 1629 2098 ·
1643 2074 1781 2116 ὁίζεται
1799 2072 1826 2106 P

244 2135 262 2163 5
281 2128 376 2174 πλὴν
392 2150 434 2154 -
456 2132 495 2163 10
513 2134 617 2175 σχεῖν
638 2128 731 2163 infra
754 2139 790 2162 u.
822 2131 860 2162 14
884 2133 965 2172 post
989 2129 1112 2173 φόνου
1134 2130 1299 2173 ponenda
1324 2139 1399 2163 esse
1423 2132 1525 2174 putat
1542 2128 1716 2164 Destinon
1804 2124 1894 2164 ὓπο-

243 2182 417 2232 λαμβάνη
442 2184 517 2219 PL*
628 2187 646 2219 8
671 2183 970 2229 περιληφθέντεσ
993 2184 1040 2218 L'
1065 2185 1128 2230 qui
1149 2185 1406 2230 superfzaeritis
1429 2185 1540 2218 armis
1564 2184 1632 2219 Lat
1739 2187 1758 2217 9
1783 2186 1895 2220 δεδοι-

242 2272 366 2310 κότασ
389 2274 456 2309 VR
588 2277 627 2308 10
653 2270 784 2318 μόνων
807 2273 888 2308 L¹R
910 2252 1041 2318 μόνῖυν
1064 2274 1096 2308 V
1209 2273 1305 2310 κατὰ
1331 2283 1359 2308 S.
1385 2274 1412 2307 P
1538 2277 1574 2308 11
1602 2273 1716 2315 ἄλλας
1739 2274 1763 2310 i.
1785 2283 1894 2317 marg.

243 2331 358 2375 suppl.
387 2330 416 2364 L
524 2326 659 2365 πόλεισ
694 2327 975 2365 κατοικούντων
1005 2334 1048 2363 tr.
1080 2329 1245 2364 MLVRC
1353 2327 1480 2371 πόλεις
1511 2340 1577 2364 om.
1613 2330 1639 2362 P
1750 2332 1790 2364 12
1814 2326 1896 2371 ὑμε-

243 2387 357 2433 τέραν
382 2387 484 2420 CLat
589 2383 704 2430 ὑμῶν]
729 2381 834 2429 ὑμῶν
857 2383 965 2421 ἕνεκα
990 2385 1051 2420 RC
1169 2387 1208 2419 13
1234 2381 1381 2431 ἀνδρῶν
1404 2387 1468 2420 καὶ
1491 2388 1749 2431 κακοβουλίαν
1774 2387 1806 2418 Α

247 2447 286 2477 14
323 2439 610 2488 πληρωθήσεται
643 2440 842 2476 AMLVRG
955 2443 1018 2476 καὶ
1049 2438 1244 2486 συγγνώμη
1277 2461 1318 2465 -
1351 2445 1390 2475 16
1422 2437 1593 2482 ἀνόσιον]
1627 2443 1744 2475 manet
1777 2445 1895 2476 (cutem

244 2499 350 2533 uenia
389 2509 464 2540 eos,
506 2499 571 2543 qui
602 2497 689 2531 talia
717 2501 979 2542 patraverunt,
1017 2497 1115 2542 quod
1143 2498 1177 2531 sz'
1210 2496 1376 2530 nimirum
1411 2503 1533 2531 uestro
1565 2496 1655 2530 uilio
1686 2498 1897 2542 conqreyati

244 2554 365 2588 eadem
383 2555 533 2599 exsequi
548 2552 826 2599 supersederint,
851 2552 1076 2587 considerate
1092 2563 1198 2597 quam
1216 2553 1360 2597 impium
1384 2552 1430 2586 ,ςὶι
1448 2552 1525 2593 Lat,
1551 2552 1610 2595 qui
1635 2551 1678 2585 de
1702 2561 1766 2586 suo
1792 2561 1897 2596 quae-

245 2610 324 2643 dam
347 2610 525 2645 addidisse
548 2609 620 2644 uid.
735 2603 908 2654 συγνώμη
938 2608 970 2643 R
1003 2605 1218 2654 συγγνώμη·
1244 2607 1270 2641 C
1380 2611 1418 2642 15
1449 2609 1675 2653 λογίσασθαι
1699 2607 1829 2642 AV¹C¹

246 2668 326 2706 πῶς
349 2665 372 2701 i.
397 2676 505 2709 marg.
531 2665 646 2709 suppl.
672 2675 718 2699 m.
745 2667 763 2697 2
788 2664 819 2698 V
902 2668 941 2699 16
966 2661 1135 2706 ἀνόσιον]
1162 2657 1269 2699 ὅσιον
1292 2663 1397 2698 Niese
1497 2663 1535 2699 δὲ
1558 2661 1685 2697 AVRC
1772 2665 1809 2696 17
1835 2665 1898 2698 καὶ

248 2717 309 2765 μὴ]
333 2717 382 2766 μὴ
406 2724 469 2756 καὶ
493 2721 586 2755 LRC
609 2717 659 2765 μὴ
684 2721 716 2754 V
808 2722 883 2765 τῆς]
909 2721 970 2756 τίσ
995 2720 1032 2754 Μ
1123 2733 1165 2766 γε
1191 2730 1257 2754 om.
1284 2719 1315 2752 R
1382 2721 1446 2754 καὶ
1469 2720 1546 2754 τῶν
1568 2738 1613 2743 -
1636 2721 1675 2752 19
1701 2715 1897 2764 τηρήσατε]

245 2776 387 2820 parcite
402 2777 517 2811 sacris
533 2776 725 2816 moenibus,
744 2777 889 2821 parcite
905 2775 1168 2811 uenerabilibus
1185 2775 1330 2810 aedibus
1347 2774 1479 2820 (adytis
1496 2773 1596 2808 codd.
1616 2772 1690 2811 alii)
1716 2774 1897 2818 templum-

251 2842 319 2875 que
352 2831 453 2866 uobis
485 2835 520 2865 et
549 2836 754 2865 sanctorum
777 2837 904 2867 sancta
927 2836 1070 2867 seruate
1093 2831 1163 2865 Lat
1279 2833 1317 2865 18
1342 2833 1421 2872 τοῦ]
1447 2829 1485 2865 δὲ
1508 2832 1575 2865 τοῦ
1600 2828 1671 2862 MV
1786 2827 1896 2874 ναὸν]

252 2883 371 2930 νόμον
396 2887 455 2921 VO
550 2890 589 2921 19
614 2884 809 2933 τηρήσατε,
834 2885 924 2934 τηρή
949 2888 973 2922 i.
999 2898 1068 2922 ras.
1095 2887 1126 2921 R
1217 2887 1354 2922 τοῦτον
1377 2886 1425 2922 V¹
1517 2887 1556 2918 21
1583 2882 1689 2928 ὑμῶν
1715 2894 1782 2919 om.
1806 2885 1837 2920 L

1917 542 1936 573 5

1919 876 1954 908 10

1922 1213 1958 1245 15

1924 1549 1960 1581 20
