2018 3236
149 290 202 328 40

149 424 197 460 41

147 622 197 660 42

145 891 195 929 43

235 174 316 210 440
662 173 729 206 DE
753 173 911 207 BELLO
935 172 1031 207 IUD.
1054 173 1087 207 V
1110 175 1242 207 40-47
1270 176 1293 215 (Ι
1319 178 1348 208 6.
1376 179 1397 204 11
1427 176 1456 216 1)

234 283 254 327 δ
279 285 359 340 γὰρ
383 284 432 339 δή
462 287 589 333 Τίτος
622 282 774 340 ἐπειδὴ
807 282 860 324 τὰ
882 284 960 336 μὲν
992 284 1201 340 συνήγαγε
1231 286 1307 342 τῆς
1339 285 1563 339 δυνάμεως
1594 285 1707 339 πρὸς
1738 284 1882 340 αὑτόν,

233 361 325 401 τοῖς
356 351 402 392 δὲ
433 350 508 392 ἐπὶ
534 347 845 403 Ἱεροσολύμων
876 354 1089 393 συναντᾶν
1121 350 1391 404 ἐπέστειλεν,
1433 352 1637 411 ἐξήλαυνε
1666 356 1742 411 τῆς
1771 359 1885 398 Και-

234 422 424 472 σαρείας.
484 408 535 474 ἦν
567 417 613 458 δὲ
643 420 744 473 τρία
781 417 859 470 μὲν
895 416 950 459 τὰ
981 418 1198 471 πρότερον
1238 415 1371 461 αὑτοῦ
1409 422 1473 475 τῷ
1512 422 1649 475 πατρὶ
1690 421 1883 478 συνδῃώ-

232 501 367 527 σαντα
407 483 484 540 τὴν
508 480 724 526 Ιουδαίαν
762 484 964 539 τάγματα
1001 487 1074 528 καὶ
1104 484 1153 527 τὸ
1187 485 1331 527 πάλαι
1367 485 1444 528 σὺν
1474 490 1649 542 Κεστίω
1688 497 1882 531 πταῖσαν

231 552 494 595 δωδέκατον,
536 546 647 606 όπερ
678 554 751 594 καὶ
783 549 928 602 α2λως
967 551 1183 609 ἐπίσημον
1215 547 1275 594 δι
1313 552 1516 608 ανδρείαν
1556 552 1751 609 ὑπάρχον
1780 555 1880 598 τότε

229 617 338 660 κατὰ
377 617 548 675 μνήμην
579 621 638 660 ων
679 617 851 661 έπαθεν
891 619 952 669 εἷς
992 617 1159 673 ἒίμιναν
1197 615 1267 675 ἣει
1307 620 1659 676 προθτμότερον.
1718 622 1883 665 τούτων

228 702 308 738 μεν
345 683 419 727 οὖν
449 684 498 727 τὸ
540 687 745 739 πέμπτον
785 682 845 729 δι
875 682 1103 741 Ἀμιιαοῦς
1143 685 1361 729 έκέ2ευσεν
1402 705 1516 744 αυτω
1559 692 1772 732 συναντᾶν
1809 693 1882 733 καὶ

230 751 302 794 διὰ
338 749 620 805 Ἱεριχοῦντος
656 751 704 795 τὸ
747 753 926 796 δέκατον
966 749 1243 808 ἀναβαίνειν,
1284 749 1413 804 αὐτὸς
1453 751 1494 796 δ’
1541 751 1735 807 ἀνέζευξε
1773 757 1882 811 μετὰ

227 821 314 861 τῶν
346 821 527 870 λοιπῶν,
560 819 673 874 πρὸς
695 820 761 870 οἷς
785 821 898 863 αἵτε
918 823 1002 863 τῶν
1032 822 1250 876 βασιλέων
1282 826 1525 876 συμμαχίαι
1556 821 1669 865 πολὺ
1701 824 1882 874 πλείους

227 888 299 928 καὶ
332 888 478 939 συχνοὶ
510 888 595 928 τῶν
628 884 717 930 ἀπὸ
743 890 819 945 τῆς
840 892 1001 943 Συρίας
1033 888 1260 942 ἐπίκουροι
1292 890 1525 946 συνῆλθον.
1586 886 1880 947 ἀνεπληρώθη

230 953 275 995 δὲ
296 955 369 995 καὶ
390 955 476 995 τῶν
505 953 731 1009 τεσσάρων
758 955 991 1010 ταγμάτων
1022 952 1127 998 ὅσον
1157 952 1495 1006 Οὐεσπασιανὸς
1527 956 1731 1008 ἐπιλέξας
1752 962 1882 1001 Mov—

227 1022 363 1075 κιανῷ
403 1024 683 1075 συνέπεμψεν
724 1021 786 1071 εἷς
820 1018 1008 1066 Ἰταλίαν
1049 1023 1093 1066 ἐκ
1131 1026 1217 1066 τῶν
1258 1023 1542 1066 ἐπελθόντων
1581 1024 1691 1078 μετὰ
1735 1029 1880 1068 Τίτου.

172 1093 195 1129 4
228 1087 435 1140 δισχίλιοι
465 1089 542 1142 μὲν
572 1087 654 1145 γὰρ
687 1085 805 1145 αἷιτῷ
834 1093 921 1132 τῶν
949 1086 1030 1132 ἇπ)
1049 1087 1383 1146 Ἀλεξανδρείας
1415 1091 1752 1145 στρατευμάτων
1783 1092 1882 1136 έπί-

226 1155 380 1205 λεκτοι,
401 1158 635 1210 τρισχίλιοι
659 1157 705 1199 δὲ
727 1161 987 1200 συνείποντο
1009 1160 1095 1200 τῶν
1119 1154 1199 1200 ἆπ)
1222 1154 1456 1214 Εὐφράτου
1480 1158 1696 1214 φυλάκων.
1738 1162 1881 1216 φίλων

229 1222 274 1263 δὲ
307 1222 605 1276 δοκιμώτατος
636 1221 809 1267 εὔνοιάν
839 1242 886 1267 τε
915 1227 988 1268 καὶ
1011 1225 1183 1267 σύνεσιν
1210 1229 1410 1280 Τιβέριος
1436 1222 1736 1280 Ἀλέξανδρος,
1769 1227 1880 1282 πρό-

225 1305 349 1343 τερον
378 1306 456 1343 μεν
489 1287 638 1342 αἰτοις
662 1291 740 1348 τήν
761 1293 998 1347 Αιγυπτον
1030 1293 1207 1347 διέπων,
1238 1292 1337 1335 τότε
1359 1293 1405 1335 δε
1426 1296 1512 1335 τῶν
1545 1294 1880 1348 στρατειμάτων

226 1352 387 1435 ἅρχων,
426 1360 598 1413 κριθεὶς
630 1356 751 1409 α’ξιος
784 1359 830 1409 εξ
858 1363 918 1402 (ὃν
958 1359 1220 1409 εδεξιωσατο
1261 1362 1436 1451 πρῶτος
1474 1360 1747 1437 ἐγειροιιένην
1780 1359 1878 1417 ἄρτι

224 1422 301 1479 τὴν
331 1421 564 1479 ήγεμονίαν
584 1429 657 1469 καὶ
678 1426 788 1480 μετὰ
820 1430 1016 1477 τίστεως
1047 1426 1318 1482 λαιιπρᾶςές
1303 1423 1503 1483 Εαδήλου
1528 1430 1581 1484 τῇ
1601 1425 1703 1484 vim
1736 1444 1878 1484 προσ-

225 1493 376 1543 έθετο,
423 1492 668 1546 oL'pcsmb'odo'g
714 1511 761 1549 γε
804 1493 889 1549 μὴν
933 1503 1031 1544 ταῖς
1070 1497 1147 1537 τοῦ
1186 1495 1382 1548 πολέιιου
1425 1498 1594 1550 χρείαις
1640 1493 1787 1553 ἡλικία
1830 1514 1878 1539 τε

224 1557 427 1613 προύχων
456 1561 529 1602 καὶ
559 1555 656 1600 κατ’
692 1559 924 1615 ἐμπειρίαν
957 1561 1121 1604 εἵπετο.

336 1626 389 1667 II.
440 1630 474 1668 1.
520 1625 734 1681 Προϊόντι
773 1628 819 1670 δὲ
860 1628 922 1677 εἷς
959 1628 1036 1686 τὴν
1075 1630 1292 1682 πολεμίαν
1329 1633 1445 1684 Τίτῳ
1484 1632 1679 1685 προῆγον
1718 1631 1796 1684 μὲν
1836 1631 1877 1673 οἱ

222 1692 445 1744 βασιλικοὶ
474 1694 547 1735 καὶ
577 1696 669 1735 πᾶν
699 1694 748 1736 τό
782 1695 1071 1749 συμμαχικόν,
1111 1692 1184 1752 ἐφ’
1221 1696 1287 1745 οἷς
1318 1693 1525 1739 ὁδοποιοὶ
1564 1699 1636 1739 καὶ
1666 1699 1877 1754 μετρηταὶ

225 1759 555 1813 στρατοπέδων,
597 1759 753 1803 ἔπειτα
783 1761 837 1803 τὰ
869 1764 956 1804 τῶν
991 1759 1213 1818 ἡγεμόνων
1254 1762 1502 1819 σκευοφόρα
1532 1765 1604 1806 καὶ
1634 1763 1744 1818 μετὰ
1775 1763 1877 1814 τοὺς

334 1958 640 1994 PAMLVRCLat
651 1960 872 2004 Hegesippus
896 1961 928 1996 V
954 1964 971 1995 3
997 1972 1033 2005 p.
1061 1964 1138 1996 282.
1177 1961 1417 1996 ExcPeiresc.

335 2018 350 2049 1
378 2014 400 2048 i.
426 2024 534 2058 marg.
561 2013 588 2051 ς’
615 2015 640 2050 C
733 2014 792 2058 τὰ]
818 2020 935 2053 ταῦτα
961 2017 986 2050 C
1081 2013 1198 2053 αὐτὸν
1222 2017 1356 2052 AMVC
1382 2016 1518 2054 ἑαυτὸν
1541 2018 1571 2052 L
1673 2022 1691 2053 2
1717 2015 1753 2054 δ’
1777 2019 1807 2053 L

218 2067 439 2106 ἐπέστελλεν
463 2071 490 2104 Ρ
514 2070 729 2108 ἐπιστείλασ
753 2073 783 2106 L
809 2073 891 2108 fort.
916 2076 1012 2107 recte
1149 2076 1168 2107 3
1193 2073 1261 2117 μὲν
1286 2083 1354 2108 om.
1379 2074 1419 2108 M
1556 2072 1727 2121 πρότερα
1751 2076 1784 2108 Α

220 2122 335 2162 αὑτοῦ
359 2127 420 2161 VC
505 2123 768 2174 συνδηιόσοντα
793 2130 832 2164 Μ
916 2132 936 2163 4
961 2129 1019 2170 τὸ]
1044 2132 1100 2165 τῶ
1124 2129 1150 2163 C
1236 2133 1253 2163 5
1279 2132 1340 2165 καὶ
1367 2141 1433 2165 om.
1459 2131 1489 2165 L
1574 2127 1728 2177 ἀνδρίαν
1753 2131 1828 2166 V2G

220 2176 399 2229 ὑπάρχων
424 2183 450 2216 C
581 2187 600 2218 6
624 2183 721 2222 κατὰ
747 2183 814 2231 τὴν
837 2180 982 2232 μνήμην
1005 2186 1038 2221 R
1164 2190 1181 2219 7
1207 2185 1275 2229 μὲν
1301 2180 1379 2227 οὖν]
1403 2186 1473 2230 μὲν
1495 2186 1526 2220 L
1552 2187 1692 2232 quidem
1715 2187 1787 2221 Lat

216 2233 470 2282 Ἀμμαοῦντος
501 2241 650 2277 Hudson
787 2245 805 2276 8
840 2238 1058 2289 ἀναβαίνειν
1091 2241 1135 2278 τὸ
1168 2242 1326 2278 δέκατον
1356 2244 1398 2276 tr.
1424 2242 1455 2276 L
1593 2242 1631 2278 δὲ
1657 2243 1786 2278 PLVR

219 2297 238 2327 9
262 2294 372 2341 πρὸς]
397 2298 514 2338 προὶσ
538 2297 589 2331 sie
614 2297 641 2331 P
745 2311 786 2334 τε
811 2308 879 2334 om.
904 2299 967 2332 PA
1075 2295 1184 2339 πολὺ]
1209 2295 1321 2334 πάλιν
1345 2299 1377 2332 Α
1402 2301 1520 2334 πᾶσαι
1545 2298 1679 2334 MVRO
1704 2295 1819 2335 πάλαι
1843 2299 1873 2333 L

218 2353 253 2384 et
276 2354 316 2384 ut
338 2352 411 2386 uid.
435 2352 516 2395 Lat,
540 2353 577 2387 in
602 2364 670 2397 quo
696 2357 749 2388 est
766 2354 880 2399 plura
905 2365 1012 2400 quam
1037 2354 1171 2388 dudum
1287 2356 1327 2387 10
1351 2351 1557 2401 ἕπήκουροι
1583 2354 1608 2388 C
1716 2351 1872 2401 ἀνεπλη-

219 2403 335 2451 ρώθη,
359 2420 377 2442 ε
401 2417 444 2441 ex
468 2421 495 2444 π
520 2420 610 2445 corr.
636 2411 668 2443 A
784 2414 821 2445 11
848 2412 1042 2454 μουκιανῶ
1066 2409 1320 2455 συνέπεμψεν,
1352 2410 1418 2444 litt.
1443 2413 1499 2445 (ῦσ
1523 2420 1566 2445 ex
1592 2406 1637 2445 ὸν
1661 2420 1751 2446 corr.
1779 2411 1805 2446 C

221 2464 259 2495 12
284 2461 453 2499 ἰταλείαν
476 2463 509 2497 R
625 2468 665 2499 13
697 2460 774 2501 α’πὸ
800 2465 866 2501 LR
984 2469 1022 2500 14
1054 2467 1277 2502 συνείποντο
1308 2475 1375 2501 om.
1401 2465 1467 2500 VR
1580 2468 1656 2501 τῶν
1686 2477 1752 2501 om.
1780 2466 1806 2501 C

218 2511 294 2554 ιῖπὸ
321 2518 350 2552 L
442 2517 621 2564 φυλάκων
644 2531 713 2555 om.
738 2521 808 2555 Lat
902 2525 940 2556 15
966 2521 1155 2567 τιβέρειοσ
1178 2521 1208 2555 L
1311 2524 1350 2556 16
1377 2516 1516 2563 αὐτοῖς]
1550 2516 1668 2557 ozi-160
1693 2521 1774 2563 LR,
1804 2532 1870 2557 om.

216 2573 286 2607 Lat
379 2575 516 2610 διέπων
540 2586 605 2611 om.
631 2576 661 2609 L
754 2579 831 2612 τῶν
847 2597 891 2602 -
911 2581 949 2613 17
976 2575 1090 2620 ἄξιος]
1124 2577 1256 2622 aliquus
1280 2577 1343 2621 qui
1366 2577 1564 2611 exercitum
1588 2582 1730 2621 reqeret
1752 2597 1795 2603 -
1820 2578 1870 2612 iu-

217 2628 357 2664 dicatus
382 2630 452 2664 Lat
546 2635 583 2666 17
612 2629 751 2678 ἄρχων]
777 2643 844 2668 om.
870 2631 909 2666 M
935 2630 1065 2679 ἄρχειν
1089 2632 1238 2666 Hudson
1262 2631 1344 2667 fort.
1371 2635 1468 2667 recte
1563 2635 1601 2667 18
1625 2631 1666 2675 ἐξ
1691 2653 1727 2658 -
1755 2645 1869 2680 προσ-

217 2684 343 2727 έθετο]
370 2685 529 2721 incertae
544 2688 719 2731 fortunae
735 2689 894 2722 sociatus
918 2692 971 2722 est
985 2688 1057 2722 Lat
1124 2686 1164 2730 ἐξ
1179 2684 1327 2733 α’δήλου]
1355 2684 1411 2724 ἔτ’
1429 2684 1550 2736 ἀδήλῳ
1567 2688 1673 2723 Niese
1735 2684 1870 2734 ἀδήλου

219 2743 264 2786 τῇ
287 2738 389 2786 τύχῃ]
416 2738 552 2786 ἀδήλου
576 2740 689 2788 τύχυσ
705 2744 755 2777 sic
772 2744 803 2777 L
890 2746 929 2778 19
955 2743 1183 2790 σύμβουλοσ,
1207 2743 1274 2778 litt.
1302 2747 1367 2779 ουλ
1391 2754 1434 2778 ex
1458 2754 1548 2779 corr.
1574 2746 1607 2778 A
1692 2747 1733 2779 20
1759 2738 1870 2788 προῦ-

213 2809 285 2841 χον
304 2795 330 2829 C
416 2800 453 2830 21
483 2796 682 2844 προσιόντι
698 2798 826 2834 LVRC
841 2799 1131 2844 proqrech‘entem
1149 2798 1220 2833 Lat
1305 2799 1355 2841 δὲ]
1381 2812 1421 2835 τε
1439 2799 1468 2833 L
1554 2802 1749 2846 προσῆγον
1764 2799 1824 2834 LC

217 2854 258 2886 22
281 2854 452 2899 μετριταὶ
476 2852 509 2887 R
600 2855 641 2887 23
667 2851 714 2889 τὰ
740 2865 808 2889 om.
833 2855 863 2888 L
956 2851 1001 2890 τὰ
1026 2874 1070 2878 -
1094 2857 1191 2896 44l‚l
1220 2850 1346 2898 αὐτὸς]
1374 2859 1552 2889 rectorum
1574 2856 1739 2890 sarcinae
1763 2859 1870 2900 atque

216 2909 359 2951 armati,
377 2912 464 2954 post
489 2908 555 2943 laos
578 2908 655 2954 ipse
680 2910 765 2944 titus
789 2909 858 2943 Lat

1913 901 1950 933 10

1912 1238 1947 1270 15

1909 1573 1944 1604 20
