2039 3251
25 876 61 909 10

25 1215 61 1247 15

23 1553 60 1585 20

510 147 576 182 DE
601 147 760 182 BELLO
786 147 883 183 IUD.
909 147 958 181 lv
986 148 1161 181 -15‘3—495
1187 148 1235 188 (lx
1266 151 1291 177 ι.
1319 149 1348 187 2)
1674 145 1753 181 411

93 260 168 304 οὖν
200 260 250 311 ἒξ
286 260 446 318 ε’φόδου
477 259 555 315 τὴν
591 260 724 303 πόλιν
766 259 875 302 ἑλών
914 255 1162 302 ἀποκτείνει
1203 258 1281 312 μὲν
1315 259 1484 311 χιλίους
1514 259 1601 301 τῶν
1633 260 1754 309 νέων,

93 324 193 372 ὅσοι
223 328 280 386 μὴ
315 329 544 385 διαφυγεῖν
575 327 796 384 ἔφθασαν,
827 327 977 383 γενεὰς
1009 327 1054 369 δὲ·
1074 323 1411 383 ᾐχμαλωτίσατο
1442 329 1514 369 καὶ
1544 324 1624 376 τοὶς
1654 324 1756 382 κτή-

94 412 185 446 σεις
208 392 455 450 διαρπάσαι
476 405 570 445 τοῖς
592 395 883 450 στρατιώταις
909 394 1174 449 ἐπέτρεψεν·
1207 394 1362 435 ἔπειτα
1394 393 1473 444 τὰς
1505 393 1647 442 οἰκίας
1678 391 1754 446 έμ-

94 464 268 522 πρήσας
299 463 372 506 ἐπὶ
405 462 485 513 τὰς
515 462 647 517 πέριξ
674 462 821 516 κώμας
852 461 1014 516 ἐχώρει.
1066 463 1201 518 φυγαὶ,
1234 459 1273 503 δ’
1300 453 1411 518 ἦσαν
1442 464 1527 504 τῶν
1558 461 1754 503 δυνατῶν

92 534 163 574 καὶ
205 533 379 588 φθοραὶ.
419 533 505 573 τῶν
546 528 898 584 ἀσθενεστέρων,
939 528 987 572 τὸ
1020 529 1319 584 καταλειφθὲν
1361 530 1404 571 δὲ
1447 531 1537 570 πᾶν
1573 527 1754 580 ἐνεπίμ-

93 616 252 653 πρατο.
310 600 383 641 καὶ
416 597 696 655 διειληφότος
725 599 801 639 τοῦ
824 598 1020 651 πολέμου
1050 596 1127 653 την
1157 613 1203 638 τε
1235 592 1407 653 ὀρεινὴν
1439 592 1542 653 ὅλην
1572 597 1644 638 καὶ
1675 593 1754 653 τήν

93 666 287 709 ’,ἰτεδιάδα
308 662 458 716 πάσας
491 666 532 708 οἱ
564 664 607 707 έν
628 673 721 714 τοῖς
737 662 1054 717 Ἱεροσολύμοις
1074 662 1154 713 τὰς
1176 663 1350 713 ἐξόδους
1373 660 1620 720 ἀφῄρηντο·
1652 662 1755 713 τοὺς

92 737 171 787 μέν
209 750 255 789 γε
296 729 554 787 αὐτομολεῖν
602 735 978 787 προαιρουμένους
1016 731 1057 773 οἱ
1101 731 1289 788 ζηλωταὶ
1339 731 1752 788 παρεφυλάσσοντο,

92 800 194 851 τοὺς
226 802 271 844 δὲ
312 798 436 843 οὔπω
475 800 529 842 τὰ
556 797 777 853 Ῥωμαίων
816 801 1088 855 φρονοῦντας
1129 796 1267 853 εἶργεν
1298 796 1322 855 ἡ
1357 798 1541 854 στρατιὰ
1582 815 1753 840 παντα-

88 869 225 921 χόθεν
255 868 333 925 τὴν
363 868 493 911 πόλιν
525 870 802 922 περιέχουσα.

205 939 243 979 2.
287 932 609 990 Οὐεσπασιανῷ
648 930 690 976 δ)
717 933 779 983 εἰς
819 932 1093 988 Καισάρειαν
1134 932 1455 989 ἐπιστρέψαντι
1492 935 1563 976 καὶ
1604 949 1752 985 παρα-

92 1003 389 1059 σκευαζολιιένῳ
410 1001 520 1057 μετὰ
541 1001 688 1058 πάσης
718 1003 793 1058 τῆς
815 999 1039 1053 δυνάμεως
1061 996 1135 1042 ἐπ’
1164 997 1306 1044 αὐτῶν
1336 1003 1423 1043 τῶν
1440 999 1751 1055 Ἱεροσολύμων

92 1069 334 1121 ἐξελαύνειν
356 1067 606 1126 ἀγγέλλεται
627 1072 781 1123 Νέρων
804 1063 1083 1124 ἀνῃρημένος,
1115 1072 1217 1123 τρία
1248 1071 1320 1111 καὶ
1353 1069 1454 1110 δέκα
1483 1067 1752 1123 βασιλεύσας

92 1138 163 1195 ἔτη
195 1140 265 1181 καὶ
302 1136 465 1196 ἡμέρας
503 1132 627 1179 ὀκτώ.
688 1138 792 1189 περὶ
834 1131 882 1177 οὗ
925 1136 1063 1190 λέγειν
1102 1135 1150 1178 ὃν
1190 1136 1357 1191 τρόπον
1399 1135 1462 1185 εἷς
1499 1135 1576 1192 την
1616 1132 1749 1192 ἀρχὴν

92 1204 314 1260 ἐξύβρισεν
353 1203 593 1254 πιστεύσας
631 1203 686 1246 τὰ
726 1203 965 1259 πράγματα
1004 1211 1098 1253 τοῖς
1129 1203 1472 1260 πονηροτάτοις,
1506 1203 1750 1259 Νυμφιδίῳ

90 1275 162 1316 καὶ
190 1274 438 1328 Τιγελλίνῳ,
470 1280 562 1321 τοῖς
585 1288 633 1313 τε
656 1267 854 1321 ἀναξίοις
883 1273 970 1313 τῶν
994 1270 1298 1327 ἐξελευθέρων,
1330 1273 1403 1313 καὶ
1435 1268 1495 1321 ῶς
1526 1268 1612 1313 ὑπὸ
1646 1269 1748 1312 τού-

90 1358 177 1382 των
216 1339 552 1395 ἐπιβουλευθεὶς
589 1339 863 1395 κατελείφθη
903 1338 982 1392 μὲν
1018 1335 1106 1381 ὑπὸ
1147 1341 1231 1380 τῶν
1272 1338 1481 1395 φυλάκων
1525 1335 1749 1386 ἁπάντων,

91 1406 274 1462 διαδρὰς
309 1407 355 1449 δὲ
395 1407 472 1449 σὺν
509 1409 689 1461 τέτρασι
726 1409 814 1449 τῶν
851 1409 1024 1449 πιστῶν
1060 1403 1375 1461 ἀπελευθέρων
1407 1405 1451 1448 έν
1480 1415 1575 1456 τοῖς
1606 1422 1751 1460 προα-

91 1479 254 1525 στείοις
283 1473 438 1517 ἑαυτὸν
460 1469 640 1526 ἀνεῖλεν,
671 1475 742 1516 καὶ
775 1471 833 1524 ὡς
855 1475 897 1517 οἱ
917 1475 1239 1524 καταλύσαντες
1262 1473 1394 1516 αὐτὸν
1414 1470 1510 1527 μετ’
1539 1470 1586 1516 οὐ
1611 1472 1750 1515 πολὺν

85 1542 243 1596 χρόνον
273 1542 396 1592 δίκας
427 1542 604 1594 ἐ’δοσαν,
636 1541 712 1585 τόν
744 1558 791 1584 τε
828 1541 937 1584 κατὰ
969 1541 1047 1598 τὴν
1080 1543 1302 1585 Γαλατίαν
1342 1541 1538 1595 πόλεμον
1570 1538 1629 1591 ῶς
1662 1540 1750 1583 ε’τε-

90 1609 278 1667 λεύτησε,
310 1611 382 1652 καὶ
404 1612 502 1660 πῶς
525 1609 699 1664 Γάλβας
721 1605 1012 1663 ἀποδειχθεὶς
1035 1605 1314 1666 αὐτοκράτωρ
1341 1609 1403 1659 εἰς
1420 1606 1583 1665 Ῥώμην
1615 1607 1752 1649 ἐπαν-

87 1678 223 1734 ῆλθεν
263 1676 307 1720 ἐκ
344 1680 421 1734 τῆς
447 1674 695 1729 Ἱσπανίας,
735 1679 807 1720 καὶ
847 1674 907 1727 ῶς
944 1675 1031 1720 ὑπὸ
1075 1680 1162 1720 τῶν
1202 1679 1483 1730 στρατιωτῶν
1524 1675 1752 1725 αἰτιαθεὶς

88 1743 161 1788 ἐπὶ
194 1747 578 1802 ταπεινοφροσύνῃ
602 1744 909 1802 ἐδολοφονήθη
941 1743 1051 1787 κατὰ
1072 1748 1209 1802 μέσην
1238 1741 1556 1799 τὴνῬωμαίων
1589 1739 1751 1799 ἀγορὸν

89 1807 334 1870 ἀπεδείχθη
356 1830 403 1855 τε
425 1809 891 1867 αὕτοκράτωρ”οθων·
923 1812 1000 1870 τήν
1020 1829 1069 1854 τε
1089 1812 1245 1856 τούτου
1276 1817 1511 1868 στρατείαν
1542 1812 1618 1855 ἐπὶ
1649 1811 1751 1862 τοὺς

200 1925 730 1970 PAMLVRCLatHegesippus
755 1926 805 1961 IV
833 1930 932 1970 19sq.
958 1937 992 1969 p.
1019 1927 1094 1961 254.
1133 1926 1293 1960 Zonaras
1319 1926 1334 1959 I
1358 1936 1393 1970 p.
1422 1928 1498 1961 524.

202 1986 217 2017 1
246 1980 341 2019 ἑλών
365 1981 432 2028 τὴν
455 1977 568 2019 πόλιν
590 1986 635 2016 tr.
663 1982 861 2017 PAMVRC
944 1979 1145 2018 άποκτένει
1170 1982 1271 2017 MVC
1297 1978 1503 2018 ἀποκτενεῖ
1524 1982 1557 2017 R
1628 1984 1646 2015 2
1673 1981 1749 2026 αἰχ-

86 2040 330 2082 μαλωτίσατο
356 2038 419 2072 PA
444 2037 730 2083 αἰχμαλωτίσασ
753 2038 783 2072 L
875 2040 1021 2074 κτίσεισ
1044 2038 1075 2072 L
1169 2042 1189 2072 4
1212 2036 1342 2083 κώμας
1368 2049 1435 2073 om.
1462 2038 1488 2072 C
1570 2039 1695 2082 φυγαὶ,
1720 2051 1748 2082 φ

88 2104 132 2129 ex
155 2105 247 2131 corr.
272 2095 306 2128 A
397 2094 436 2131 δὲ
459 2094 554 2129 VRG
647 2098 666 2128 5
692 2097 850 2140 φθοραὶ]
876 2097 990 2140 φτγαὶ
1011 2094 1039 2128 Ρ
1141 2095 1407 2139 καταλειφθὲν,
1432 2107 1463 2130 ει
1487 2104 1531 2128 ex
1556 2109 1577 2139 η
1602 2103 1694 2128 corr.
1718 2094 1747 2127 P

86 2152 329 2198 καταληφθὲν
358 2152 467 2186 uertit
501 2151 572 2186 Lat
707 2149 966 2196 ἐνεπιμπρᾶτο
1003 2149 1141 2184 PMVR
1170 2149 1402 2196 ἐνεπίπρατο
1442 2149 1468 2183 C
1605 2153 1624 2183 6
1659 2142 1750 2195 ὅλην

87 2217 155 2242 om.
179 2207 244 2242 AL
383 2211 402 2242 7
433 2205 572 2250 πάσας]
603 2207 778 2242 Destinon
808 2209 936 2243 πᾶσαν
975 2207 1076 2241 codd.
1094 2207 1163 2241 Lat
1311 2203 1519 2253 ἀφῄρηντο]
1551 2201 1748 2251 α’φήρηντο

87 2259 307 2309 πανταχόσε
330 2265 363 2298 Α
524 2267 542 2299 8
574 2265 644 2309 μέν
671 2267 726 2311 γε]
756 2263 932 2298 Destinon
960 2263 1088 2307 μέντοι
1118 2276 1161 2308 γε
1193 2263 1257 2297 PA
1285 2263 1354 2306 μὲν
1385 2260 1459 2308 γὰρ
1489 2261 1658 2296 MLVRC

87 2322 107 2354 9
132 2316 255 2367 εἶργεν
277 2321 312 2354 A
334 2324 455 2366 εἷρξεν
478 2321 508 2357 L
573 2325 611 2355 11
639 2322 665 2367 i·
689 2330 798 2363 marg.
829 2317 890 2355 xfl'
917 2320 943 2354 C
1005 2319 1043 2355 δὲ
1067 2319 1193 2354 LVRG
1258 2323 1298 2353 13
1323 2320 1411 2365 τρία
1434 2321 1497 2355 καὶ
1522 2317 1621 2359 δέκα]
1647 2331 1750 2364 τρισ-

88 2377 243 2413 καίδεκα
258 2377 285 2412 C
357 2380 397 2411 14
414 2373 490 2422 ἔτη]
508 2373 562 2412 ἔτι
576 2376 602 2410 C
671 2379 735 2413 καὶ
751 2379 871 2422 μῆνας
889 2371 989 2412 ὀκτὼ
1006 2377 1070 2411 καὶ
1086 2372 1226 2421 ἡμέρας
1244 2372 1344 2411 ὀκτώ
1362 2375 1587 2412 scribendum
1603 2378 1681 2409 erat

94 2434 134 2466 16
159 2434 357 2479 τιγελαίνω
382 2434 410 2475 (ι’
433 2443 477 2467 ex
501 2443 592 2468 corr.
617 2433 689 2468 uid.
707 2434 752 2475 A)
770 2433 833 2466 PA
859 2432 1011 2478 tifflssllino
1028 2432 1098 2466 Lat
1120 2432 1307 2477 9e7nellino
1324 2431 1401 2475 Heg
1492 2435 1544 2474 τε]
1569 2445 1612 2478 γε
1634 2430 1748 2473 MRC‚

89 2497 156 2523 om.
170 2487 203 2523 V
275 2492 314 2524 18
332 2486 494 2534 διαδρὰς]
513 2488 758 2535 διαδιδράσκει
773 2488 802 2522 Ρ
818 2489 993 2532 probante
1010 2488 1206 2522 Destinone
1275 2488 1476 2534 τέσσαρσιν
1492 2488 1520 2522 Ρ
1594 2491 1633 2521 19
1652 2483 1749 2524 ἀνεῖ-

89 2545 164 2585 λεν]
182 2539 328 2580 οἷνελὼν
343 2545 371 2579 Ρ
387 2546 564 2590 probante
580 2546 784 2588 Destinone‚
805 2545 863 2590 qui
880 2556 915 2579 u.
937 2547 976 2578 19
994 2548 1076 2578 ante
1093 2543 1134 2580 ἐν
1150 2544 1323 2588 quaedam
1341 2544 1513 2580 excidisse
1530 2548 1632 2588 putat
1648 2545 1749 2580 uelut

90 2592 142 2641 ὥς
171 2595 217 2636 θ’
251 2597 386 2648 εὑρέθη
454 2598 540 2646 μετ’
567 2601 624 2643 οὗ]
650 2601 822 2636 Cardwell
845 2597 939 2645 μετὰ
966 2600 1068 2635 codd.
1095 2599 1166 2634 Lat
1235 2603 1276 2634 20
1301 2599 1369 2645 τὴν
1392 2611 1458 2635 om.
1484 2600 1514 2634 L
1585 2604 1625 2635 21
1652 2603 1746 2643 πῶς]

90 2667 169 2692 ποσ
191 2666 236 2690 ex
258 2656 363 2703 πρὸσ
387 2667 478 2692 corr.
505 2657 532 2692 C
618 2660 659 2692 22
684 2657 867 2694 ἰσπανίασ
890 2657 957 2691 ΜΟ
982 2660 1017 2691 et
1043 2666 1086 2690 ex
1111 2667 1203 2691 corr.
1229 2659 1260 2690 A
1285 2657 1454 2692 σπανίασ
1477 2657 1656 2693 PA¹LVR

448 2716 558 2749 ωτῶν
581 2713 654 2749 αἰτι

88 2750 178 2796 ῧπό]
196 2754 238 2791 ἐκ
253 2755 283 2790 L
388 2760 632 2804 στρατιαθεὶσ
656 2758 684 2792 Ρ
789 2758 997 2794 αἰτιασθεὶσ
1021 2757 1054 2792 R
1157 2761 1197 2792 23
1221 2755 1318 2794 κατὰ
1344 2758 1460 2804 μέσην
1483 2757 1747 2805 ἐδολοφονηθη

92 2838 159 2887 τὴν
181 2845 225 2877 tr.
249 2844 356 2880 Niese
459 2846 537 2892 τὴν]
561 2818 639 2883 ζῶν
664 2848 690 2882 C
793 2850 837 2882 24
861 2850 911 2889 τε]
939 2843 972 2883 δ’
996 2847 1026 2880 L
1131 2846 1246 2884 α’)’θων
1271 2847 1297 2881 C
1396 2861 1436 2884 τε
1461 2858 1489 2882 s.
1513 2848 1541 2882 P
1635 2861 1747 2895 στρα-

92 2898 208 2939 τείαν]
232 2898 387 2935 Dindorf
408 2901 590 2947 στρατιὰν
615 2903 717 2939 codd.

1785 465 1865 505 489

1785 601 1865 641 490

1783 940 1860 980 491

1780 1141 1860 1181 492

1779 1277 1860 1317 493

1781 1547 1862 1586 494

1781 1817 1862 1856 495
