2018 3236
231 155 310 190 472
648 151 713 185 DE
738 149 896 184 BELLO
921 149 1019 184 IUD.
1045 149 1078 184 V
1103 151 1279 184 272-280
1305 152 1350 192 (vl
1377 156 1404 182 3.
1431 154 1463 193 4)

121 269 200 310 273
231 268 422 319 τομένων
456 260 678 316 ἄπρακτον
711 262 989 305 διεκπίπτειν
1020 260 1098 316 τὴν
1128 264 1305 317 πέτραν.
1368 258 1678 307 ἀντεπινοοῦσι
1712 261 1757 305 δὲ
1785 260 1882 304 Ῥω-

230 341 356 385 μαῖοι
376 331 597 385 μελαίνειν
621 324 773 385 αὐτήν·
804 329 903 372 τότε
924 327 1006 384 γὰρ
1030 324 1180 370 οὐκέθ’
1209 326 1376 382 ὁμοίως
1398 334 1710 387 προορωμένης
1732 325 1883 372 εῧστό-

120 406 199 443 274
229 416 330 452 χουν
360 399 432 439 καὶ
463 395 654 445 πολλοὺς
687 396 777 450 ἅμα
802 397 913 454 βολῇ
934 398 1015 452 μιᾷ
1047 396 1318 452 διέφθειρον.
1371 393 1468 439 όιλλ>
1496 394 1595 441 οὐδὲ
1626 397 1883 450 κακούμενοι

228 461 324 518 μετ’
362 459 513 513 ἀδείας
543 473 754 519 παρεῖχον
781 461 1010 518 Ῥωμαίοις
1042 462 1222 518 ἐγείρειν
1252 462 1307 505 τὰ
1335 464 1531 518 χώματα,
1564 465 1688 521 πάσῃ
1717 460 1755 506 δ)
1784 464 1883 507 ἐπι-

231 536 330 587 νοίᾳ
360 532 431 573 καὶ
462 530 599 586 τόλμῃ
629 531 846 587 χρώμενοι
877 533 948 573 καὶ
980 529 1144 585 νύκτωρ
1175 533 1245 573 καὶ
1278 526 1386 584 μεθ)
1425 529 1585 587 ἡμέραν
1620 529 1775 586 εἶργον.
1915 542 1933 572 5

119 606 198 643 275
342 603 380 640 4.
418 600 514 640 Τιῦν
547 594 589 639 δ’
617 598 752 653 ἔργων
784 599 1179 651 συντετελεσμένων
1208 598 1408 651 μολιβίδι
1437 598 1515 652 μὲν
1545 601 1618 642 καὶ
1650 600 1755 654 λίνῳ
1787 598 1883 641 δια-

229 668 462 721 μετροῦσιν
495 665 536 707 oi
566 669 761 716 τέκτονες
791 665 839 709 τό
875 665 1094 721 διάστημα
1134 664 1247 719 πρὸς
1277 663 1325 707 τὸ
1358 674 1521 718 τεῖχος,
1564 661 1653 708 άπὸ
1686 667 1772 707 τῶν
1800 681 1885 718 χω-

229 733 379 787 μάτιον
409 733 642 790 ῥίψαντες·
676 729 724 775 οὗ
746 733 827 788 γὰρ
849 733 946 788 ἐνῆν
969 730 1113 782 ἄλλως
1145 728 1319 774 ἄνωθεν
1349 733 1657 786 βαλλομένοις·
1690 729 1887 787 εὑρόντες

120 805 198 844 276
232 796 271 842 δ’
310 800 580 851 ἐξικνεῖσθαι
612 800 853 854 δυναμένας
883 799 962 850 τὰς
994 799 1219 849 ἑλεπόλεις
1250 801 1489 854 προσῆγον.
1548 801 1621 842 καὶ
1657 803 1787 849 Τίτος
1818 798 1886 854 ἐγ-

228 871 392 923 γυτέρω
423 867 477 909 τὰ
511 863 731 924 ἀφετήρια
772 868 1034 924 διαστήσας,
1077 864 1133 917 ὡς
1164 865 1221 923 μή
1254 865 1355 916 τοὺς
1392 866 1539 921 κριοὺς
1579 867 1763 922 εἴργοιεν
1795 862 1883 908 ἀπὸ
1918 876 1954 909 10

119 940 197 978 277
229 937 307 977 τοῦ
328 939 508 988 τείχους,
542 935 737 979 ἐκέλευσε
767 935 961 978 τύπτειν.
1012 934 1218 989 τριχόθεν
1241 930 1283 975 δ)
1311 933 1505 983 ἐξαισίου
1533 933 1701 976 κτύπου
1732 950 1887 991 περιη-

225 1002 439 1057 χήσαντος
479 1003 714 1059 αἰφνιδίως
753 1003 830 1061 τήν
874 1003 1006 1046 πόλιν
1048 1001 1209 1057 κραυγή
1249 1017 1297 1043 τε
1335 1000 1459 1055 παρὰ
1498 1003 1584 1044 τιῦν
1616 1001 1737 1044 ἔνδον
1769 997 1886 1056 ἤρθη

228 1072 300 1112 καὶ
331 1079 424 1119 τοῖς
456 1080 745 1121 στασιασταῖς
784 1072 881 1114 ἴσον
913 1071 1131 1125 ἐμπίπτει
1163 1070 1272 1119 δέος.
1332 1067 1476 1111 κοινὸν
1510 1065 1550 1110 δ’
1587 1069 1783 1122 ἑκάτεροι
1813 1067 1888 1110 τὸν

228 1137 425 1180 κίνδυνον
467 1137 633 1188 ἰδόντες
672 1138 819 1196 κοινήν
860 1138 1069 1181 ἐπενόουν
1101 1135 1183 1194 ἤδη
1226 1139 1464 1179 ποιεῖσθαι
1494 1139 1566 1180 καὶ
1597 1136 1674 1194 τὴν
1707 1133 1885 1188 ἄμυναν.

118 1208 198 1247 278
231 1205 511 1259 διαβοώντων
543 1206 588 1248 δὲ
620 1205 733 1259 πρὸς
765 1203 977 1263 ἀλλήλους
1007 1209 1092 1248 τιῦν
1125 1203 1352 1260 διαφόρων
1383 1200 1443 1253 (ὃς
1473 1204 1620 1247 πάντα
1652 1199 1888 1258 πράττοιεν
1920 1213 1955 1245 15

228 1269 339 1327 ὑπὲρ
370 1275 457 1314 τῶν
488 1277 727 1326 πολεμίων,
765 1273 885 1325 δέον,
919 1273 956 1316 εἰ
986 1275 1059 1316 καὶ
1089 1273 1147 1330 μὴ
1182 1272 1355 1327 διηνεκῆ
1389 1271 1570 1314 δίδωσιν
1604 1267 1750 1320 αὐτοῖς
1781 1267 1888 1323 ὁμό-

230 1356 351 1382 νοιαν
382 1337 403 1382 ὁ
437 1340 564 1392 θεός,
598 1340 641 1382 ἐν
670 1343 772 1396 γοῦν
803 1344 865 1396 τῷ
897 1337 1087 1397 παρόντι
1119 1339 1196 1398 τὴν
1229 1337 1341 1393 πρὸς
1375 1334 1586 1394 ἀλλήλους
1618 1340 1889 1395 φιλονεικίαν

228 1404 558 1461 ὑπερθεμένους
596 1408 706 1450 κατὰ
743 1406 964 1463 Ῥωμαίων
1007 1410 1262 1460 συνελθεῖν,
1309 1405 1520 1463 κηρύσσει
1558 1407 1636 1459 μὲν
1677 1403 1828 1448 ἄδειαν
1866 1403 1887 1447 ὁ

229 1478 378 1528 Σίμων
408 1484 501 1525 τοῖς
533 1472 623 1517 άπὸ
655 1478 732 1518 τοῦ
766 1477 884 1531 ἱεροῦ
914 1477 1160 1530 παρελθεῖν
1193 1474 1267 1517 ἐπὶ
1298 1474 1349 1515 τὸ
1387 1482 1547 1526 τεῖχος,
1582 1472 1813 1529 ἐπιτρέπει
1844 1472 1890 1514 δὲ

120 1546 200 1585 279
231 1545 390 1594 καίπερ
423 1538 623 1585 ἀπιστῶν
655 1540 676 1585 ὁ
705 1539 928 1599 Ἰωάννης.
990 1544 1030 1586 οἱ
1059 1543 1104 1585 δὲ
1125 1545 1201 1585 τοῦ
1231 1546 1387 1596 μίσους
1418 1543 1490 1583 καὶ
1520 1543 1606 1584 τῶν
1639 1540 1763 1584 ἰδίων
1795 1540 1892 1583 δια-
1922 1549 1959 1582 20

231 1608 381 1665 φόρων
421 1609 628 1664 λαβόντες
669 1607 910 1667 ἀμνηστίαν
942 1612 986 1653 ἓν
1018 1613 1150 1665 σῶμα
1187 1614 1405 1665 γίνονται,
1447 1611 1518 1651 καὶ
1557 1608 1605 1651 τὸ
1644 1609 1723 1662 μὲν
1753 1616 1893 1661 τεῖχος

231 1676 513 1730 περισχόντες
536 1673 618 1718 ἀπ’
646 1673 779 1720 αὐτοῦ
811 1678 931 1733 πυρά
951 1695 998 1721 τε
1020 1680 1275 1734 παμπληθῆ
1309 1677 1422 1720 κατὰ
1454 1679 1540 1718 τῶν
1571 1675 1892 1732 μηχανημάτων

230 1743 356 1785 ἵεσαν
387 1745 459 1786 καὶ
489 1743 593 1794 τοὺς
626 1744 947 1799 ἐπιβρίθοντας
977 1745 1056 1795 τὰς
1088 1745 1316 1795 ἑλεπόλεις
1358 1741 1655 1793 ἀδιαλείπτως
1696 1742 1890 1797 ἐ’βαλλον,

122 1814 202 1855 280
236 1811 278 1853 οἱ
299 1810 611 1868 τολμηρότεροι
635 1812 680 1853 δὲ
700 1811 809 1854 κατὰ
844 1816 977 1869 στίφη
1010 1814 1328 1869 προπηδῶντες
1349 1811 1402 1853 τὰ
1424 1814 1555 1866 γέρρα
1582 1812 1669 1852 τῶν
1699 1827 1889 1866 μηχανη-

230 1878 381 1931 μάτων
422 1878 697 1931 ἐσπάραττον
736 1881 809 1922 καὶ
848 1888 941 1929 τοῖς
973 1875 1047 1921 ἐπ’
1085 1875 1228 1921 αὐτῶν
1267 1882 1630 1934 προσπίπτοντες
1670 1876 1887 1933 ἐπιστήμῃ
1922 1885 1958 1916 25

346 2000 889 2046 PAMLVRCLatHegesippus
912 2003 945 2037 V
972 2006 1012 2036 10
1036 2013 1071 2046 p.
1101 2005 1176 2036 292.
1211 2003 1370 2037 Zonaras
1395 2003 1410 2035 Ι
1434 2012 1468 2044 p.
1496 2003 1572 2035 528.

347 2060 359 2090 1
383 2056 433 2099 δὲ,
458 2060 478 2092 δ
493 2067 535 2091 ex
554 2071 573 2092 ν
591 2068 682 2092 corr.
701 2059 733 2090 A
819 2061 837 2092 2
854 2059 1033 2104 μελαίνην
1048 2058 1081 2091 Α
1173 2052 1261 2093 τότε
1278 2079 1319 2082 -
1339 2054 1558 2102 εὐστόχουν]
1587 2063 1669 2090 cunc
1685 2056 1777 2090 enim
1795 2056 1894 2089 missi

230 2124 301 2147 non
326 2113 491 2147 similiter
514 2113 671 2148 incertos
695 2114 786 2148 ictus
810 2113 987 2149 habebant
1012 2115 1082 2148 Lat
1208 2109 1330 2150 οὐκέτι
1357 2113 1418 2147 LV
1563 2108 1716 2155 ὁμοίως]
1743 2109 1891 2156 ὁμοίωσ

231 2166 286 2205 ὠσ
310 2169 339 2203 L
414 2168 690 2216 προωρομένησ
717 2169 742 2203 C
813 2173 832 2204 3
857 2173 924 2214 μιᾶ
947 2173 1043 2216 βολῆ
1068 2172 1111 2205 tr.
1137 2170 1264 2205 LVRO
1335 2165 1424 2205 ἀλλ’
1450 2165 1543 2210 οὐδὲ]
1570 2166 1698 2204 dimam
1724 2168 1761 2204 δὲ
1785 2168 1815 2201 L

230 2222 432 2269 κακόμενοι
456 2225 504 2261 R¹
597 2229 617 2259 4
640 2225 735 2269 μετὰ
762 2225 792 2260 L
885 2226 922 2262 δὲ
947 2225 1013 2261 VR
1115 2229 1133 2259 5
1156 2223 1347 2272 χρώμενοι
1371 2226 1434 2260 καὶ
1458 2221 1577 2270 τόλμη
1600 2228 1645 2258 tr.
1671 2222 1701 2255 L
1792 2221 1889 2268 χριό-

229 2281 407 2326 μεΙμενοι
433 2281 459 2315 G
558 2284 578 2315 6
601 2282 623 2316 ἱ.
649 2291 758 2325 marg.
788 2279 843 2317 129¹
870 2281 895 2315 G
997 2281 1035 2317 δὲ
1059 2281 1152 2316 VRC
1252 2280 1640 2325 συντετεΙλεσμέ-νων,
1671 2293 1712 2316 τε
1735 2279 1770 2313 in
1795 2280 1891 2314 exitu

229 2347 355 2372 uersus
372 2338 489 2381 suppl.
507 2338 539 2371 A
600 2339 782 2381 μολιβδίδι
800 2337 951 2372 Hudson
968 2337 1077 2371 edidit
1138 2337 1356 2382 διεμέτρουν
1376 2336 1406 2370 L
1470 2340 1486 2370 7
1506 2332 1615 2380 πρὸς]
1633 2333 1678 2372 τὸ
1697 2332 1799 2383 πρὸσ
1816 2337 1846 2371 L

232 2396 252 2427 9
277 2394 314 2430 δὲ
330 2393 397 2429 VR
480 2397 519 2428 10
544 2391 747 2440 διαστήσασ
770 2404 814 2429 ex
838 2391 1111 2430 διαστασιάσασ
1136 2404 1226 2428 corr.
1254 2394 1280 2428 C
1361 2391 1519 2439 εἵργειεν
1544 2392 1569 2426 C
1655 2396 1691 2427 11
1719 2392 1757 2428 δὲ
1782 2393 1847 2429 VR

232 2447 412 2495 τριχόθεν
435 2460 515 2484 cum
540 2447 690 2486 τύπτειν
715 2451 906 2493 coniungit,
929 2448 1093 2492 ἐξαισίου
1118 2460 1184 2484 om.
1211 2449 1280 2483 Lat
1359 2452 1398 2483 12
1423 2446 1580 2495 κραυγή]
1605 2448 1742 2483 clamor
1765 2449 1890 2494 inqens

231 2505 301 2539 Lat
447 2519 488 2541 τε
506 2515 574 2540 om.
593 2506 700 2540 LZon
845 2509 884 2540 13
910 2503 994 2541 ἴσον
1019 2509 1222 2549 corruptum
1246 2506 1350 2548 putat
1373 2505 1549 2539 Destinon
1673 2504 1711 2540 δὲ
1737 2504 1802 2539 VR

235 2564 275 2595 14
301 2559 455 2603 ἰδόντες]
481 2558 627 2597 εἰδότεσ
652 2562 713 2595 ΡΑ
815 2564 878 2598 καὶ
903 2572 970 2597 om.
996 2561 1066 2595 Lat
1178 2563 1214 2594 16
1239 2557 1344 2606 ὑπὲρ]
1369 2556 1443 2596 ὑπὸ
1469 2559 1498 2593 L
1607 2563 1764 2605 διηνεκεῖ
1786 2560 1848 2594 ΡΑ

233 2612 418 2660 ὁμόνοιαν
451 2612 583 2652 αὐτοῖσ
612 2621 655 2651 tr.
681 2618 711 2650 L
852 2621 890 2652 18
920 2616 1030 2658 κατὰ]
1062 2616 1159 2652 κατὰ
1191 2613 1324 2652 κοινὸν
1354 2611 1390 2651 δ’
1415 2613 1588 2662 ἑκάτεροι
1619 2613 1689 2652 τὸν
1720 2617 1892 2651 κίνδυνον

233 2669 380 2707 ἰδόντεσ
406 2672 464 2713 (cf.
484 2684 516 2706 u.
538 2675 589 2711 13)
615 2673 645 2707 L
720 2671 918 2718 κηρύσσειν
934 2673 966 2708 V
1047 2675 1084 2706 19
1109 2675 1200 2713 τοῖς]
1225 2668 1317 2707 roim
1334 2672 1366 2704 A
1437 2674 1477 2705 20
1503 2672 1617 2712 ἰδίων]
1643 2671 1793 2707 οἰκείων
1815 2671 1846 2704 L

233 2730 427 2772 διαφορῶν
450 2727 617 2762 MLVRC
687 2731 724 2762 21
759 2725 1019 2774 ·-α’μνηστίαν,
1043 2737 1132 2762 eras.
1160 2741 1206 2762 αν
1222 2728 1251 2761 L
1324 2729 1365 2761 22
1391 2730 1648 2773 περισχιῦντεσ
1673 2727 1698 2760 C
1769 2723 1890 2772 πυράν

232 2783 296 2818 LV
366 2786 584 2828 παμπληθεῖ
608 2784 634 2817 Ρ
709 2786 750 2818 23
776 2782 881 2819 ἵεσαν
904 2784 975 2818 ΑΜ
1000 2782 1150 2819 ἐνίεσαν
1173 2782 1299 2817 LVRC
1333 2782 1509 2818 iaciebant
1533 2783 1603 2817 Lat
1673 2781 1887 2829 ἐπιβρίθον-

235 2839 315 2882 τας]
339 2835 557 2884 έπάγοντασ
582 2839 610 2871 L
704 2842 746 2873 24
771 2837 1050 2886 τολμηρότατοι
1075 2839 1176 2872 LLat
1268 2844 1406 2883 στῖφοσ
1430 2838 1459 2872 L
1526 2836 1790 2884 προπηὸόντεσ
1813 2837 1846 2872 R

233 2894 326 2941 γέρα
351 2894 378 2928 Ρ
472 2897 512 2928 25
538 2889 784 2941 ἐσπάρασσον
807 2895 845 2929 M
937 2891 1053 2931 αὐτὸν
1079 2894 1105 2928 Ο
