1987 3246
177 150 229 186 36
526 147 589 181 DE
615 145 773 181 BELLO
798 146 895 181 IUD.
920 146 936 180 I
963 150 1137 182 156—160
1161 150 1231 191 (vn
1258 155 1285 182 τ.
1309 154 1383 181 vm
1410 155 1434 180 1.
1463 152 1493 191 2)

178 270 376 316 σκαψαν,
412 255 574 302 Ἵππον
612 258 897 301 Σκυθόπολίν
939 276 986 301 τε
1030 262 1102 302 καὶ
1139 262 1314 303 Πέλλαν
1352 263 1421 303 καὶ
1462 261 1714 314 Σαμάρειαν
1755 264 1825 304 καὶ

171 325 384 381 Ἰάμνειαν
406 328 479 368 καὶ
497 323 912 380 ΖΙἸάρισαν’Ἀζωτόν
933 343 980 368 τε
1000 328 1071 370 καὶ
1091 323 1380 382 Ἀρέθουσαν,
1403 327 1568 383 ὁμοίιος
1590 329 1636 371 δὲ
1656 331 1728 372 καὶ
1749 328 1828 379 τὰς

177 395 422 450 παραλίους
462 393 604 444 Γάζαν
637 389 821 449 Ἰόππην
860 396 998 449 Διῦρα

1041 397 1114 437 καὶ
1158 395 1235 451 τὴν
1276 396 1417 439 πάλαι
1456 397 1534 450 μὲν
1572 395 1829 450 Στράτωνος

176 462 340 516 πύργον
362 462 640 517 καλουμένην,
663 456 841 516 ὕστερον
864 462 909 503 δὲ
930 462 1302 515 μετακτισθεῖσάν
1317 479 1364 505 τε
1383 459 1460 519 ὑφ)
1482 462 1678 518 (Ηριόδου
1697 467 1829 517 βασι-

178 530 285 577 λέως
316 528 647 583 λαμπροτάτοις
676 529 1085 582 κατασκευάσμασιν
1114 531 1186 571 καὶ
1217 534 1628 584 μετονομασθεῖσαν
1659 530 1830 573 Καισά-
1859 538 1877 569 5

67 603 145 640 157
179 612 313 650 ρειαν.
364 594 415 644 ἃς
437 595 585 645 πάσας
605 605 697 645 τοῖς
717 599 911 652 γνησίοις
935 592 1133 646 ἀποδοὺς
1163 598 1370 646 πολίταις
1398 598 1628 647 κατέταξεν
1661 597 1722 648 εἰς
1751 597 1829 655 τὴν

174 661 390 719 Συριακὴν
429 661 654 717 ἐπαρχίαν.
709 662 936 716 παραδοὺς
967 664 1013 705 δὲ
1043 663 1203 720 ταύτην
1232 681 1280 706 τε
1308 665 1379 705 καὶ
1410 663 1488 719 τὴν
1514 661 1727 708 Ἰουδαίαν
1756 667 1828 708 καὶ

173 729 227 771 τὰ
268 733 416 783 μέχρις
445 729 681 784 Αἰγύπτου
721 732 791 772 καὶ
825 726 1059 787 Εὐφράτου
1091 731 1270 786 Σκαύρῳ
1310 731 1479 774 διέπειν
1516 734 1586 774 καὶ
1628 732 1704 775 δύο
1743 735 1828 776 τῶν

173 797 425 852 ταγμάτων,
467 796 596 846 αυτὸς
635 797 707 839 διὰ
747 800 950 847 Λιλικίας
989 815 1050 847 εις
1082 796 1241 854 Ῥώμην
1279 795 1486 853 ἠπείγετο
1523 798 1598 842 τὸν
1624 795 1829 854 Ἀριστό-

65 870 142 910 158
174 866 333 918 βουλον
356 881 471 920 αγων
491 864 601 918 μετὰ
622 881 697 921 της
718 867 866 920 γενεᾶς
889 865 1049 919 αιχμάλ
1054 882 1177 907 ωτον.
1230 865 1305 908 δύο
1329 861 1370 907 δ
1400 857 1507 921 ἦσαν
1538 862 1654 921 αυτῷ
1686 870 1827 922 θυγα-
1860 874 1895 906 10

172 935 293 987 τέρες
319 934 391 975 καὶ
423 931 499 974 δυο
530 932 649 983 τιεῖς,
683 928 742 974 (ὗν
773 930 794 974 ὁ
829 949 973 988 ετερος
1003 949 1082 986 μεν
1098 928 1384 987 Αλεςαιὸοος
1416 933 1459 975 ἐκ
1490 950 1565 989 τις
1595 932 1700 976 ὁδου
1731 934 1827 976 δια-

175 999 419 1053 διδράσκει,
453 1015 529 1042 συν
561 1000 607 1041 δὲ
637 1009 735 1050 ταῖς
766 995 1031 1056 αδελφαῖς
1010 1018 1031 1042 ο
1066 999 1274 1054 νεώτερος
1301 996 1549 1056 Ἀντίγονος
1581 1001 1642 1050 εἰς
1667 998 1828 1059 Ῥώμην

175 1066 407 1119 ἐκομίζετο.

48 1141 143 1180 159
290 1136 400 1177 VIII.
436 1140 471 1176 1.
503 1131 597 1176 Κᾶν
618 1134 758 1191 τούτῳ
780 1137 972 1188 Σκαῦρος
994 1133 1056 1184 εἷς
1076 1133 1153 1191 τὴν
1169 1130 1383 1190 Ἀραβίαν
1413 1133 1613 1189 ἐμβαλών
1644 1138 1719 1193 τῆς
1749 1136 1827 1189 μὲν

173 1204 348 1257 Πέτρας
387 1202 551 1257 εἴργετο
582 1211 679 1251 ταῖς
710 1203 990 1256 δυσχωρίαις,

1041 1201 1051 1215 2
1107 1201 1115 1213 t
1288 1202 1295 1213 x
1370 1201 1378 1212 s
1467 1205 1474 1216 μ
1646 1204 1655 1211 a
1673 1204 1681 1211 a
1705 1202 1713 1213 x
1787 1198 1799 1214 J
1879 1211 1892 1218 ⁷

1035 1205 1223 1256 επορθει
1256 1202 1301 1243 δε
1330 1220 1385 1243 τα
1416 1202 1547 1257 περιξ
1575 1211 1720 1244 πολλα
1749 1219 1829 1244 καν
1860 1211 1895 1242 la

172 1269 311 1325 τούτῳ
328 1272 601 1312 κακοπαθῶν
613 1282 621 1289 ·
641 1269 874 1323 ἐλίμωττεν
890 1268 971 1324 γὰρ
989 1266 1014 1326 ἡ
1032 1268 1227 1323 στρατιά.
1269 1271 1339 1311 καὶ
1359 1268 1471 1323 πρὸς
1486 1272 1613 1312 τοῦτο
1627 1267 1828 1325 Ὑρκανὸς

175 1337 417 1394 ἐπεβοήθει
449 1336 522 1379 διὰ
547 1333 843 1390 Ἀντιπάτρου
874 1337 928 1378 τὰ
961 1335 1190 1393 ἐπιτήδεια
1220 1340 1422 1390 πέμπων,
1459 1335 1508 1378 ὃν
1538 1339 1610 1380 καὶ
1640 1339 1827 1392 καθίησι

174 1407 369 1459 Σκαῦρος
390 1402 496 1447 ὄντα
518 1404 686 1461 συνήθη
709 1404 822 1458 πρὸς
838 1399 1033 1456 Ἀρέταν,
1066 1399 1191 1454 ὅπως
1218 1404 1292 1446 ἐπὶ
1320 1403 1536 1461 χρήμασιν
1568 1403 1825 1446 διαλύσαιτο

173 1471 250 1514 τὸν
271 1472 478 1525 πόλεμον.
530 1476 743 1514 πείθεται
765 1472 811 1513 δὲ·
833 1468 1026 1525 οωἈραψ
1046 1470 1278 1527 τριακόσια
1301 1471 1450 1513 δουναι
1479 1471 1684 1522 τάλαντα,
1716 1469 1825 1514 κάπὶ

175 1539 346 1589 τούτοις
377 1542 569 1593 Σκαῦρος
600 1538 746 1594 ἐξῆγεν
775 1541 851 1596 τῆς
878 1537 1090 1592 Ἀραβίας
1119 1537 1196 1595 τὴν
1228 1538 1423 1592 δύναμιν.
1859 1546 1896 1578 20

857 1601 868 1616 3

65 1608 142 1648 160
287 1610 324 1648 2.
361 1604 407 1649 O
439 1602 476 1647 δ
513 1604 714 1660 αποδρας
745 1607 832 1647 τῶν
862 1605 1200 1660 Αριστοβούλου
1231 1606 1406 1648 παίδων
1437 1605 1677 1660 Πομπηιον
1702 1601 1828 1646 Ἀλέ-

175 1672 356 1727 ξανδρος
391 1673 532 1729 χρόνῳ
573 1672 823 1728 συναγαγὼν
852 1683 974 1727 χεῖρα
1007 1672 1161 1727 συχνὴν
1190 1672 1326 1729 ἰαρις
1358 1664 1406 1730 ἧν
1432 1672 1618 1728 Ῑρκανιιῦ
1647 1674 1720 1715 καὶ
1749 1670 1827 1729 τὴν

171 1738 385 1782 Ιουδαίαν
423 1744 692 1795 κατέτρεχεν
734 1740 874 1782 ἐδόκει
903 1757 949 1781 τε
982 1758 1032 1781 αν
1062 1741 1303 1782 καταλισαι
1335 1743 1497 1793 ταχέως
1529 1735 1671 1792 αυτόν,
1703 1734 1751 1789 ός
1779 1755 1827 1794 γε

287 1876 308 1917 ἓ
336 1877 397 1908 156
413 1891 454 1901 =
471 1876 554 1908 Ant.
580 1874 657 1908 Iud.
683 1874 768 1908 XIV
793 1878 846 1908 ΤΞ).

286 1996 807 2041 PAMLVRCLatHegesippus
831 1997 847 2030 I
870 2001 906 2030 17
933 2009 968 2041 p.
994 1999 1048 2031 27.

290 2056 305 2088 1
320 2055 383 2088 καὶ
394 2047 584 2097 Ἰάμνειαν]
599 2052 788 2095 PAMHeg,
806 2063 873 2086 om.
888 2052 1086 2087 LVRCLat
1147 2056 1166 2086 ‘2
1181 2050 1330 2096 ἰαμνιαν
1344 2053 1404 2086 ΡΑ
1465 2048 1640 2097 μαρησὰν
1652 2053 1685 2087 Α
1697 2048 1827 2097 μάρισ-

175 2120 246 2144 σαν
278 2109 338 2143 VC
370 2109 557 2143 marissam
589 2108 658 2142 Lat
687 2119 828 2142 maresa
861 2109 958 2145 (abl.)
984 2109 1060 2151 Heg
1147 2103 1312 2152 Ἄζωτόν
1341 2112 1393 2150 τε]
1419 2107 1599 2151 PAMHeg
1630 2104 1733 2154 πρὸσ
1762 2103 1826 2143 αἷσ

173 2162 324 2208 ἄζωτον
352 2167 415 2200 καὶ
447 2159 618 2208 ίοίμνειαν
648 2161 811 2208 (ι’άμνιαν
834 2164 909 2204 VC)
935 2164 1061 2199 LVRC
1093 2166 1244 2210 itemque
1268 2168 1413 2199 azotum
1437 2168 1472 2198 et
1495 2164 1664 2197 iamm'am
1688 2163 1757 2198 Lat

174 2225 192 2255 3
207 2218 337 2264 Γάζαν
354 2231 421 2255 om.
437 2220 463 2254 C
526 2217 649 2265 δωράν
662 2219 724 2254 ΡΑ
741 2219 867 2264 ὁώραν
883 2219 984 2254 MVC
1002 2220 1125 2254 doram
1144 2220 1292 2264 LatHeg
1351 2224 1372 2254 4
1389 2233 1429 2256 τε
1446 2229 1513 2254 om.
1532 2218 1765 2254 ALVRCLat

173 2281 241 2313 τοῦ
272 2277 463 2324 βασιλέωσ
487 2277 513 2311 C
628 2280 646 2310 5
671 2277 733 2311 καὶ
757 2285 824 2310 om.
851 2275 921 2309 Lat

173 2333 295 2369 σασΒ
365 2337 382 2367 7
409 2333 432 2367 i.
450 2342 559 2375 marg.
587 2329 626 2367 ιε’
645 2331 677 2365 V
747 2344 786 2366 τε
812 2341 879 2365 om.
904 2330 1006 2364 PAM

172 2392 192 2424 9
217 2390 404 2435 ἠπείγετο,
428 2404 449 2435 η
474 2399 566 2423 corr.
590 2398 637 2421 m.
663 2391 682 2422 2
707 2397 750 2421 ex
774 2399 805 2422 ει
830 2386 901 2421 uid.
926 2387 959 2420 V

1037 2278 1056 2309 6
1081 2272 1127 2317 ἅς
1151 2274 1286 2318 πάσας]
1312 2286 1353 2310 ex
1379 2274 1533 2312 άπάσασ
1559 2285 1648 2309 corr.
1674 2275 1703 2308 L
1729 2269 1823 2311 άπά-

1076 2329 1143 2376 τὴν
1167 2342 1234 2367 om.
1261 2332 1363 2366 PAM
1431 2333 1493 2367 καὶ
1518 2328 1563 2367 τὰ
1589 2341 1656 2364 om.
1681 2330 1758 2374 Heg

1076 2391 1114 2421 10
1140 2388 1177 2423 δὲ
1201 2388 1299 2422 LVR
1406 2391 1441 2422 11
1470 2384 1683 2432 διαδράσκει
1707 2386 1733 2421 C

176 2448 216 2480 15
242 2444 387 2491 εἵργετο
413 2445 519 2480 AMV
634 2443 868 2489 δυσχωρίαις]
893 2443 1142 2487 δυσχερειάισ,
1177 2456 1199 2478 σ
1222 2442 1327 2477 finale
1350 2444 1373 2477 i.
1399 2453 1470 2477 ras.
1495 2443 1528 2476 V
1648 2439 1694 2478 τὰ
1720 2442 1828 2489 πέριξ

173 2498 307 2542 πολλὰ]
333 2501 584 2544 PAMLatHeg
607 2503 671 2537 καὶ
694 2496 739 2536 τὰ
765 2501 850 2546 περὶ
866 2498 1005 2534 πέλλαν
1021 2497 1147 2532 LVRC
1220 2502 1259 2532 16
1285 2495 1416 2546 τούτῳ]
1444 2493 1566 2534 τούτω
1592 2499 1630 2535 δὲ
1647 2499 1773 2534 LVRC

173 2560 300 2598 τοῦτο]
326 2554 448 2593 τούτω
473 2556 500 2590 C
594 2560 633 2590 17
661 2551 711 2592 δι’
736 2556 796 2591 VC
912 2551 1127 2600 τάπιτήδεια
1153 2554 1179 2587 C
1287 2555 1451 2599 καθίησι]
1476 2555 1677 2599 καθίστησι
1701 2555 1735 2588 V

178 2616 218 2647 18
245 2611 336 2648 ὄντα
363 2610 514 2658 συνήθη]
540 2612 640 2647 uelut
659 2611 884 2657 familiarem
905 2610 976 2645 Lat
1085 2607 1234 2654 συνήθει
1260 2609 1304 2642 P¹
1329 2612 1362 2642 et
1386 2611 1426 2642 ut
1450 2609 1521 2643 uid.
1547 2610 1596 2643 A¹
1705 2603 1819 2652 ὅπως]

174 2666 214 2704 εἴ
230 2682 314 2704 πωσ
338 2669 371 2702 V
455 2665 680 2709 διαλύσαιτο]
707 2665 855 2713 διαλύσῃ
884 2666 949 2701 LR
973 2660 1145 2707 διαλύσει,
1169 2678 1198 2700 ει
1225 2675 1316 2699 corr.
1345 2675 1388 2698 ex
1412 2679 1446 2710 ηι
1469 2664 1502 2698 V
1588 2668 1628 2699 19
1654 2661 1687 2700 δ’
1713 2665 1739 2699 C

173 2723 371 2770 τριακόσια
397 2727 524 2760 δοῦναι
551 2722 727 2766 τάλαντα]
754 2723 919 2759 trecentis
943 2722 1085 2757 talentis
1115 2720 1283 2756 decedere
1305 2720 1375 2754 Lat
1465 2722 1527 2756 καὶ
1550 2719 1611 2756 ἐπὶ
1635 2719 1733 2755 LVR

174 2781 215 2813 20
246 2778 369 2815 τούτω
399 2780 499 2813 ΡΑΜ
568 2776 634 2825 τὴν
666 2790 732 2814 om.
759 2779 786 2814 O
855 2782 893 2813 21
921 2779 944 2813 i.
977 2787 1087 2820 marg.
1115 2775 1162 2818 ις’
1187 2777 1220 2810 V
1289 2776 1326 2812 δὲ
1350 2775 1447 2810 LVR
1515 2778 1599 2810 ante.
1625 2775 1823 2822 Πομπήϊον

174 2837 260 2869 2-3
277 2836 342 2870 litt.
361 2838 414 2877 (τ·
432 2838 490 2870 ·ut
506 2835 592 2878 uid.)
610 2836 726 2879 suppl.
753 2835 878 2869 deinde
902 2844 1024 2869 erasae
1041 2834 1073 2867 A
1142 2834 1183 2866 23
1209 2835 1262 2873 τε]
1287 2827 1324 2867 δ’
1341 2831 1466 2865 LVRC
1538 2832 1685 2876 ταχέωσ
1709 2846 1822 2868 κατα-

174 2893 278 2927 λῦσαι
303 2893 347 2927 tr.
373 2891 398 2924 C
