1987 3246
224 159 254 192 L
956 158 1145 193 PraefatIo.

229 270 325 319 λεὺς
356 276 402 312 tr.
436 271 567 324 solus,
613 273 661 310 10
694 268 864 324 οἰκέτης
895 270 1022 312 habet
1054 272 1188 325 solus,
1224 275 1272 313 17
1304 269 1362 322 (ὃς
1391 273 1628 328 βουληθεὶς
1658 278 1703 315 111
1731 274 1876 316 L¹VR.

229 338 293 379 his
335 338 436 379 satis
478 337 804 389 demonstratur,
846 350 972 390 quam
1011 338 1208 391 exiguam
1247 338 1402 383 habeat
1440 340 1587 394 fidem,
1628 354 1706 383 nec
1736 342 1879 393 magni

227 403 463 446 faciendum
494 408 556 446 est
590 404 701 458 quod
732 419 772 459 p.
797 406 890 456 249,
918 407 933 444 1
959 411 1071 446 recte
1103 403 1221 446 dedit
1252 400 1341 448 ἀπὸ
1367 402 1570 461 ἀγρίππα
1602 412 1643 449 01
1672 422 1712 462 p.
1737 410 1831 461 418,
1854 410 1878 448 2

228 484 319 512 cum
353 470 559 513 Vossiano
592 473 783 525 κεκίναν,
816 470 922 513 haec
953 471 1063 513 enim
1094 472 1185 514 sine
1217 473 1343 516 dubio
1376 476 1640 517 coniecturae
1670 479 1777 517 sunt.
1839 480 1879 517 et

226 550 319 579 cum
342 538 547 580 Vossiano
570 539 673 580 alibi
699 551 866 592 quoque
897 551 980 580 non
1010 552 1105 580 raro
1137 543 1342 582 consentit
1363 542 1733 596 Rostgaardianus,
1764 543 1880 584 uelut

226 617 265 657 p.
299 606 401 657 399,
447 607 495 645 12
537 605 710 648 exhibet
748 606 879 648 uerba
918 607 1026 653 τέως
1056 629 1108 634 -
1140 605 1421 660 ποριζόμενοι
1462 610 1614 651 omisso
1653 609 1739 648 τῶν
1781 605 1880 649 ἐπι-

226 670 423 726 τηδείων.
485 672 559 715 sed
600 674 641 714 in
672 674 767 716 aliis
798 677 882 715 tam
913 673 967 715 ab
1000 686 1049 715 eo
1082 673 1285 727 discedit,
1325 679 1371 716 ut
1399 679 1603 729 appareat
1634 688 1687 717 ex
1718 674 1879 717 eisdem

227 751 321 779 eum
360 738 551 781 codicum
591 741 816 794 generibus
857 753 947 782 esse
986 741 1284 794 compositum,
1324 743 1449 795 longe
1488 746 1627 784 tamen
1667 743 1750 783 alio
1784 755 1879 784 con·

225 806 332 847 silio.
385 810 597 859 postremo
618 807 893 849 memoranda
914 811 977 849 est
997 808 1201 850 mensium
1225 809 1381 862 tabula,
1414 822 1520 862 quae
1543 808 1878 861 Rostgaardiano

226 874 268 914 in
308 873 423 916 calce
464 875 654 916 subiecta
689 878 772 928 est,
812 888 903 916 eam
935 875 1043 916 enim
1076 876 1256 928 primum
1288 876 1414 918 talem
1445 877 1641 929 pinxerat
1670 876 1878 928 librarius,

224 945 269 982 ut
308 944 401 982 octo
441 954 606 983 menses
647 954 797 994 capere
828 946 993 995 posset,
1034 942 1107 984 sed
1141 946 1335 996 quattuor
1365 943 1480 985 locos
1511 955 1667 984 uacuos
1696 942 1879 995 reliquit,

225 1013 419 1061 quattuor
441 1009 630 1062 expleuit
651 1008 861 1062 inscriptis
892 1010 1130 1051 nominibus
1161 1011 1365 1051 mensium
1389 1011 1670 1051 Romanorum
1693 1009 1880 1050 Hebrae-

225 1089 342 1118 orum
373 1076 649 1118 Macedonum
681 1076 985 1130 Aegyptiorum
1020 1076 1201 1131 eisdem,
1244 1090 1351 1129 quae
1384 1081 1478 1118 sunt
1508 1077 1549 1117 in
1582 1076 1805 1130 Lipsiensi,
1838 1076 1880 1117 in

225 1157 306 1197 quo
326 1147 370 1184 ut
392 1156 518 1197 supra
536 1146 561 1192 ¹)
585 1142 742 1185 dictum
766 1147 840 1195 est,
873 1147 966 1185 octo
988 1156 1153 1185 menses
1186 1148 1342 1185 extant.
1393 1143 1514 1185 uides
1545 1144 1670 1196 igitur
1700 1144 1879 1197 primum

222 1211 438 1252 librarium
461 1211 501 1250 in
523 1210 663 1251 animo
687 1209 885 1251 habuisse
907 1210 1081 1252 totidem
1115 1210 1215 1252 dare
1247 1215 1348 1263 quot
1379 1211 1506 1253 habet
1526 1210 1772 1264 Lipsiensis,
1804 1209 1880 1251 sed

223 1279 424 1319 incertum
457 1291 540 1330 qua
570 1277 624 1318 de
656 1289 783 1318 causa
813 1277 988 1318 dimidio
1019 1278 1206 1330 perfecto
1238 1279 1485 1320 substitisse.

340 1344 457 1394 Quae
498 1345 550 1386 de
582 1343 917 1396 Rostgaardiano
956 1344 1070 1386 dicta
1108 1348 1213 1397 sunt,
1254 1345 1402 1387 eadem
1442 1345 1494 1386 de
1525 1344 1757 1384 Bodleiano
1789 1346 1878 1387 siue

224 1412 534 1461 Baroem‘ano2)
573 1411 736 1463 ualent,
780 1412 850 1463 qui
890 1411 931 1451 in
973 1412 1162 1453 omnibus
1199 1425 1292 1452 cum
1323 1413 1396 1454 illo
1428 1412 1661 1454 consentire
1692 1411 1878 1464 uidetur3

221 1480 399 1532 primum
422 1480 530 1520 enim
555 1478 732 1519 eundem
756 1477 884 1519 habet
904 1479 1082 1530 titulum,
1106 1479 1241 1531 qualis
1263 1479 1305 1520 in
1327 1480 1410 1520 alio
1434 1483 1548 1520 extat
1568 1479 1696 1531 nullo,
1724 1478 1879 1519 deinde

223 1560 331 1599 quae
371 1559 424 1587 ex
465 1559 513 1588 eo
548 1546 764 1599 proferunt
795 1545 1033 1586 Bernardus
1065 1550 1106 1586 et
1136 1545 1311 1587 Hudson
1343 1546 1430 1587 fere
1462 1545 1603 1586 omnia
1634 1558 1726 1586 cum
1759 1545 1879 1586 Rost-

221 1614 463 1666 gaardianis
504 1613 786 1664 consentiunt,
827 1612 942 1653 uelut
980 1626 1020 1665 p.
1054 1615 1119 1665 42,
1154 1616 1199 1665 73
1240 1614 1286 1666 83
1327 1616 1393 1665 49,
1424 1615 1469 1665 23
1511 1614 1575 1665 52,
1609 1615 1655 1664 73
1696 1612 1788 1664 399,
1816 1613 1877 1652 12.

224 1687 264 1722 et
296 1682 494 1734 quoniam
526 1679 887 1733 Rostgaardianus
918 1680 1129 1732 antiquior
1160 1680 1338 1732 uidetur,
1371 1680 1591 1733 probabile
1623 1683 1686 1721 est
1716 1691 1768 1720 ex
1800 1678 1880 1720 hoc

222 1748 502 1790 Bodleianum
535 1747 792 1799 exscriptum
824 1759 928 1788 esse.

334 1814 483 1856 Eidem
507 1815 650 1867 generi
673 1813 961 1855 accensendus
985 1817 1047 1855 cst
1072 1811 1342 1853 Coit-liniamus
1372 1826 1459 1855 nro.
1486 1814 1558 1853 131
1579 1813 1620 1865 3),
1653 1813 1770 1855 cuius
1797 1813 1877 1854 lec-

222 1883 357 1924 tiones
387 1882 583 1935 apposuit
604 1881 942 1934 Hauerkampus.
986 1894 1038 1921 ex
1061 1881 1212 1933 quibus
1234 1880 1493 1933 intellegitur
1514 1880 1761 1933 saepissime
1783 1892 1878 1922 eum

221 1950 360 1991 facere
393 1962 485 1990 cum
507 1949 540 1989 L
563 1953 604 1990 et
624 1949 660 1989 V
684 1953 724 1989 01
745 1948 794 1998 R,
826 1949 941 1988 uelut
962 1961 1000 2001 p.
1026 1950 1090 2000 34,
1119 1951 1165 1989 19
1189 1942 1313 1988 οὐδὲν
1336 1946 1381 1987 δὲ
1408 1940 1544 1995 οὕτως
1576 1944 1692 1987 ἐστὶν
1725 1944 1747 1987 ὂ
1778 1944 1879 1987 τότε

220 2017 306 2057 τῶν
339 2016 575 2070 συμφορῶν
607 2014 801 2067 0111111101,
837 2028 875 2067 p.
902 2016 966 2065 36,
993 2017 1041 2054 15
1074 2014 1117 2055 id
1148 2015 1350 2068 praebere
1382 2014 1547 2055 uidetur
1577 2013 1689 2066 quod
1722 2013 1879 2055 hahent

221 2083 365 2125 LVRC
380 2084 425 2135 4),
466 2087 506 2124 01
546 2096 583 2135 p.
615 2084 681 2134 43,
713 2085 736 2121 5
777 2079 1006 2134 ἰάμβλιχον
1045 2080 1316 2131 amulricum]
1356 2081 1467 2121 idem
1504 2081 1591 2122 fere
1623 2081 1736 2133 quod
1769 2081 1804 2121 V
1836 2085 1877 2123 et

220 2151 399 2192 Romani
431 2149 706 2203 archetypus;
749 2162 788 2201 p.
821 2150 886 2201 59,
922 2152 968 2187 10
1010 2148 1218 2190 consentit
1253 2160 1344 2189 cum
1376 2146 1447 2188 VC
1480 2150 1520 2188 et
1550 2147 1569 2187 Ι
1599 2149 1622 2196 ξ
1655 2150 1870 2189 639-641

222 2231 314 2259 cum
346 2218 440 2267 V5).
494 2218 587 2269 346,
620 2218 643 2256 9
676 2215 805 2257 habet
834 2216 887 2269 τῇ
919 2213 1134 2268 σεμεχώνῃ
1166 2215 1252 2254 τῶν
1285 2214 1561 2267 σαμαρειτίῦν
1594 2213 1746 2269 λίμνη,·
1776 2215 1875 2256 scri—

221 2288 362 2337 pserat
392 2283 599 2337 Iosephus
621 2282 940 2335 Σεμεχωνιτῶν,
973 2286 1016 2323 at
1046 2281 1322 2336 σαμαρε·ιτιῦν
1354 2281 1427 2322 VR
1456 2281 1614 2334 aliique
1647 2280 1804 2323 habent
1834 2281 1875 2322 in

219 2352 420 2404 margine.
480 2365 519 2404 p.
552 2351 653 2402 348,
692 2352 738 2389 14
776 2348 889 2391 idem
926 2348 1083 2390 habere
1114 2348 1279 2390 uidetur
1311 2347 1424 2401 quod
1455 2348 1525 2389 VC
1565 2352 1606 2389 et
1637 2348 1759 2401 Lips,
1798 2360 1875 2389 1100

221 2419 355 2460 minus
387 2432 427 2472 p.
450 2419 543 2470 352,
567 2413 635 2469 913
665 2413 746 2469 γὰρ
778 2414 1036 2466 παλίμποις
1065 2413 1163 2469 τύχῃ
1198 2418 1482 2468 περιίσταται
1513 2419 1557 2456 ut
1577 2413 1697 2457 VRC.
1749 2414 1874 2455 inter-

221 2485 319 2526 dum
361 2497 460 2526 uero
500 2485 606 2526 alios
643 2483 850 2535 sequitur,
890 2483 1006 2523 uelut
1035 2496 1075 2535 p.
1108 2485 1173 2535 35,
1209 2485 1255 2522 15
1289 2482 1401 2523 idem
1432 2481 1598 2524 tradere
1628 2480 1794 2522 uidetur
1825 2494 1875 2522 ac

222 2552 267 2604 C,
301 2556 401 2605 etp.
425 2552 521 2602 465,
544 2551 566 2590 8
594 2547 670 2604 ὅλη
705 2547 841 2600 εἴχετο
875 2548 1061 2602 διεῖργον
1093 2548 1266 2590 exhibet
1296 2553 1337 2591 01
1367 2563 1406 2602 p.
1432 2550 1524 2602 590,
1551 2551 1575 2588 4
1607 2546 1875 2601 φλεγομένης

219 2618 308 2672 γῆς,
340 2621 562 2670 utrumque
590 2629 682 2658 cum
704 2615 751 2657 L.
801 2619 844 2657 at
874 2629 967 2658 cum
989 2615 1104 2656 PAM
1135 2629 1229 2657 raro
1261 2616 1495 2658 consentire
1525 2614 1713 2667 uidetur;
1743 2626 1782 2666 p.
1807 2616 1873 2666 44,

224 2686 273 2724 16
304 2683 629 2737 Hauerkampus
671 2696 725 2724 ex
765 2695 814 2724 eo
854 2682 1042 2723 enotauit
1070 2680 1172 2735 γὰρ,
1213 2683 1326 2735 quod
1357 2684 1399 2724 in
1429 2683 1514 2724 illis
1545 2686 1618 2723 est.
1671 2680 1872 2721 habemus

317 2785 365 2823 ,1)
390 2793 425 2824 p.
450 2781 549 2815 XIII.
689 2783 720 2822 2)
745 2780 827 2815 uide
851 2789 960 2823 supra
983 2791 1017 2823 p.
1043 2780 1109 2815 XV
1133 2791 1212 2815 nro.
1239 2784 1290 2815 15.
1415 2783 1446 2823 3)
1472 2779 1550 2815 uide
1575 2788 1685 2822 supra
1708 2789 1743 2821 p.
1769 2777 1873 2812 XVII

218 2847 294 2872 nro.
315 2840 367 2871 21.
440 2840 473 2879 4)
490 2836 619 2871 omittit
635 2847 670 2880 p.
690 2839 766 2878 399,
788 2838 826 2869 12
844 2835 936 2877 τέως
955 2855 994 2859 —
1020 2839 1055 2869 13
1081 2833 1327 2882 ποριζόμενοι
1353 2846 1432 2870 eum
1448 2835 1586 2870 LVRC.
1658 2837 1740 2878 5)p.
1759 2837 1833 2876 351,
1851 2837 1872 2868 4

216 2892 325 2928 habet
349 2894 546 2939 στρατηγῷ
571 2891 665 2935 quod
688 2895 873 2935 praeterea
898 2892 995 2926 solus
1019 2892 1068 2926 V¹
1093 2891 1212 2926 tradit.
