<?xml version="1.0" encoding="UTF-8"?>
<!DOCTYPE html PUBLIC "-//W3C//DTD XHTML 1.0 Transitional//EN"
    "http://www.w3.org/TR/xhtml1/DTD/xhtml1-transitional.dtd">
<html xmlns="http://www.w3.org/1999/xhtml" xml:lang="en" lang="en">
 <head>
  <title>
</title>
<meta http-equiv="Content-Type" content="text/html;charset=utf-8" />
  <meta name='ocr-system' content='tesseract 3.04.00' />
  <meta name='ocr-capabilities' content='ocr_page ocr_carea ocr_par ocr_line ocrx_word'/>
</head>
<body>
  <div class='ocr_page' id='page_1' title='image "./operajosephus06joseuoft_0476.png"; bbox 0 0 2018 3236; ppageno 0'>
   <div class='ocr_carea' id='block_1_1' title="bbox 273 126 1508 171">
    <p class='ocr_par' dir='ltr' id='par_1_1' title="bbox 273 126 1508 171">
     <span class='ocr_line' id='line_1_1' title="bbox 273 126 1508 171; baseline -0.006 -4"><span class='ocrx_word' id='word_1_1' title='bbox 273 130 353 167; x_wconf 82' lang='lat'><em>396</em></span> <span class='ocrx_word' id='word_1_2' title='bbox 678 129 744 163; x_wconf 86' lang='lat' dir='ltr'><em>DE</em></span> <span class='ocrx_word' id='word_1_3' title='bbox 769 128 927 163; x_wconf 88' lang='lat' dir='ltr'><em>BELLO</em></span> <span class='ocrx_word' id='word_1_4' title='bbox 951 128 1049 163; x_wconf 88' lang='lat' dir='ltr'><strong>IUD.</strong></span> <span class='ocrx_word' id='word_1_5' title='bbox 1074 126 1124 163; x_wconf 85' lang='lat' dir='ltr'><em>IV</em></span> <span class='ocrx_word' id='word_1_6' title='bbox 1149 130 1325 162; x_wconf 75' lang='lat'><strong>372—379</strong></span> <span class='ocrx_word' id='word_1_7' title='bbox 1348 129 1396 171; x_wconf 70' lang='lat' dir='ltr'><em>(vt</em></span> <span class='ocrx_word' id='word_1_8' title='bbox 1423 134 1451 159; x_wconf 78' lang='lat'><em>2.</em></span> <span class='ocrx_word' id='word_1_9' title='bbox 1477 130 1508 171; x_wconf 87' lang='lat'><em>3)</em></span> 
     </span>
    </p>
   </div>
   <div class='ocr_carea' id='block_1_2' title="bbox 269 235 1919 300">
    <p class='ocr_par' dir='ltr' id='par_1_2' title="bbox 269 235 1919 300">
     <span class='ocr_line' id='line_1_2' title="bbox 269 235 1919 300; baseline -0.003 -14"><span class='ocrx_word' id='word_1_10' title='bbox 269 244 417 300; x_wconf 83' lang='grc' dir='ltr'><em>γνωτω</em></span> <span class='ocrx_word' id='word_1_11' title='bbox 449 242 525 282; x_wconf 86' lang='grc' dir='ltr'><em>τοῦ</em></span> <span class='ocrx_word' id='word_1_12' title='bbox 557 239 630 282; x_wconf 82' lang='grc' dir='ltr'><em>διὰ</em></span> <span class='ocrx_word' id='word_1_13' title='bbox 660 242 746 281; x_wconf 77' lang='grc' dir='ltr'><em>τῶν</em></span> <span class='ocrx_word' id='word_1_14' title='bbox 786 235 936 281; x_wconf 72' lang='grc' dir='ltr'><em>ὅπλων</em></span> <span class='ocrx_word' id='word_1_15' title='bbox 968 240 1189 295; x_wconf 77' lang='grc' dir='ltr'><em>σφαλεροῦ</em></span> <span class='ocrx_word' id='word_1_16' title='bbox 1218 238 1266 281; x_wconf 88' lang='grc' dir='ltr'><em>τὸ</em></span> <span class='ocrx_word' id='word_1_17' title='bbox 1299 238 1409 292; x_wconf 81' lang='grc' dir='ltr'><em>μετὰ</em></span> <span class='ocrx_word' id='word_1_18' title='bbox 1439 236 1621 296; x_wconf 80' lang='grc' dir='ltr'><strong><em>ἡσυχίας</em></strong></span> <span class='ocrx_word' id='word_1_19' title='bbox 1651 239 1919 295; x_wconf 71' lang='grc' dir='ltr'><em>κατόρθωμα</em></span> 
     </span>
    </p>
   </div>
   <div class='ocr_carea' id='block_1_3' title="bbox 163 301 1918 364">
    <p class='ocr_par' dir='ltr' id='par_1_3' title="bbox 163 301 1918 364">
     <span class='ocr_line' id='line_1_3' title="bbox 163 301 1918 364; baseline -0.002 -11"><span class='ocrx_word' id='word_1_20' title='bbox 163 314 242 353; x_wconf 83' lang='grc'><em>373</em></span> <span class='ocrx_word' id='word_1_21' title='bbox 273 310 642 361; x_wconf 67' lang='grc' dir='ltr'><em>λυσιτελέστερον·</em></span> <span class='ocrx_word' id='word_1_22' title='bbox 674 308 744 349; x_wconf 83' lang='grc' dir='ltr'><em>καὶ</em></span> <span class='ocrx_word' id='word_1_23' title='bbox 776 307 857 361; x_wconf 79' lang='grc' dir='ltr'><em>γὰρ</em></span> <span class='ocrx_word' id='word_1_24' title='bbox 890 301 963 359; x_wconf 77' lang='grc' dir='ltr'><em>οὖχ</em></span> <span class='ocrx_word' id='word_1_25' title='bbox 992 301 1123 362; x_wconf 78' lang='grc' dir='ltr'><em>ἧττον</em></span> <span class='ocrx_word' id='word_1_26' title='bbox 1161 301 1344 355; x_wconf 71' lang='grc' dir='ltr'><em>εὐκλεεῖς</em></span> <span class='ocrx_word' id='word_1_27' title='bbox 1376 306 1557 349; x_wconf 72' lang='grc' dir='ltr'><em>οἴεσθαι</em></span> <span class='ocrx_word' id='word_1_28' title='bbox 1584 305 1663 364; x_wconf 83' lang='grc' dir='ltr'><em>χρὴ</em></span> <span class='ocrx_word' id='word_1_29' title='bbox 1694 309 1780 348; x_wconf 84' lang='grc' dir='ltr'><em>τῶν</em></span> <span class='ocrx_word' id='word_1_30' title='bbox 1808 306 1918 349; x_wconf 83' lang='grc' dir='ltr'><em>κατὰ</em></span> 
     </span>
    </p>
   </div>
   <div class='ocr_carea' id='block_1_4' title="bbox 162 514 240 553">
    <p class='ocr_par' dir='ltr' id='par_1_4' title="bbox 162 514 240 553">
     <span class='ocr_line' id='line_1_4' title="bbox 162 514 240 553; baseline -0.013 0"><span class='ocrx_word' id='word_1_31' title='bbox 162 514 240 553; x_wconf 75' lang='lat'><em>374</em></span> 
     </span>
    </p>
   </div>
   <div class='ocr_carea' id='block_1_5' title="bbox 161 648 239 687">
    <p class='ocr_par' dir='ltr' id='par_1_5' title="bbox 161 648 239 687">
     <span class='ocr_line' id='line_1_5' title="bbox 161 648 239 687; baseline -0.026 0"><span class='ocrx_word' id='word_1_32' title='bbox 161 648 239 687; x_wconf 82' lang='lat'><em>375</em></span> 
     </span>
    </p>
   </div>
   <div class='ocr_carea' id='block_1_6' title="bbox 269 369 1988 925">
    <p class='ocr_par' dir='ltr' id='par_1_6' title="bbox 269 369 1988 902">
     <span class='ocr_line' id='line_1_6' title="bbox 269 369 1920 431; baseline -0.002 -12"><span class='ocrx_word' id='word_1_33' title='bbox 269 386 392 431; x_wconf 84' lang='grc' dir='ltr'><em>χεῖρα</em></span> <span class='ocrx_word' id='word_1_34' title='bbox 415 375 628 429; x_wconf 81' lang='grc' dir='ltr'><em>λαμπριῦν</em></span> <span class='ocrx_word' id='word_1_35' title='bbox 658 373 759 423; x_wconf 67' lang='grc' dir='ltr'><em>τοὺς</em></span> <span class='ocrx_word' id='word_1_36' title='bbox 782 373 1007 429; x_wconf 69' lang='grc' dir='ltr'><em>ἐγκρατείᾳ</em></span> <span class='ocrx_word' id='word_1_37' title='bbox 1036 375 1108 416; x_wconf 82' lang='grc' dir='ltr'><em>καὶ</em></span> <span class='ocrx_word' id='word_1_38' title='bbox 1132 376 1302 415; x_wconf 78' lang='grc' dir='ltr'><em>συνέσει</em></span> <span class='ocrx_word' id='word_1_39' title='bbox 1327 372 1382 415; x_wconf 85' lang='grc' dir='ltr'><em>τὰ</em></span> <span class='ocrx_word' id='word_1_40' title='bbox 1412 373 1490 416; x_wconf 75' lang='grc' dir='ltr'><em>ἴσα</em></span> <span class='ocrx_word' id='word_1_41' title='bbox 1512 373 1778 428; x_wconf 79' lang='grc' dir='ltr'><em>πράξαντας.</em></span> <span class='ocrx_word' id='word_1_42' title='bbox 1829 369 1920 427; x_wconf 72' lang='grc' dir='ltr'><em>ἅμα</em></span> 
     </span>
     <span class='ocr_line' id='line_1_7' title="bbox 269 436 1921 497; baseline -0.002 -12"><span class='ocrx_word' id='word_1_43' title='bbox 269 447 420 497; x_wconf 86' lang='grc' dir='ltr'><em>μέντοι</em></span> <span class='ocrx_word' id='word_1_44' title='bbox 448 444 717 497; x_wconf 81' lang='grc' dir='ltr'><em>μειουμένων</em></span> <span class='ocrx_word' id='word_1_45' title='bbox 747 443 833 483; x_wconf 79' lang='grc' dir='ltr'><em>τῶν</em></span> <span class='ocrx_word' id='word_1_46' title='bbox 875 442 1099 495; x_wconf 87' lang='grc' dir='ltr'><em>πολεμίων</em></span> <span class='ocrx_word' id='word_1_47' title='bbox 1137 442 1211 484; x_wconf 89' lang='grc' dir='ltr'><em>καὶ</em></span> <span class='ocrx_word' id='word_1_48' title='bbox 1239 440 1317 497; x_wconf 79' lang='grc' dir='ltr'><em>την</em></span> <span class='ocrx_word' id='word_1_49' title='bbox 1349 437 1481 482; x_wconf 72' lang='grc' dir='ltr'><em>αὑτοῦ</em></span> <span class='ocrx_word' id='word_1_50' title='bbox 1520 440 1729 495; x_wconf 82' lang='grc' dir='ltr'><em>στρατιὰν</em></span> <span class='ocrx_word' id='word_1_51' title='bbox 1761 436 1921 497; x_wconf 81' lang='grc' dir='ltr'><em>ἆναλη-</em></span> 
     </span>
     <span class='ocr_line' id='line_1_8' title="bbox 272 504 1961 588; baseline -0.002 -37"><span class='ocrx_word' id='word_1_52' title='bbox 272 513 468 564; x_wconf 74' lang='grc' dir='ltr'><em>φθεῖσαν</em></span> <span class='ocrx_word' id='word_1_53' title='bbox 500 525 544 550; x_wconf 88' lang='grc' dir='ltr'><em>εκ</em></span> <span class='ocrx_word' id='word_1_54' title='bbox 574 510 660 551; x_wconf 80' lang='grc' dir='ltr'><em>τῶν</em></span> <span class='ocrx_word' id='word_1_55' title='bbox 693 509 878 560; x_wconf 81' lang='grc' dir='ltr'><em>σινεχιῦν</em></span> <span class='ocrx_word' id='word_1_56' title='bbox 918 506 1067 550; x_wconf 84' lang='grc' dir='ltr'><em>πόνων</em></span> <span class='ocrx_word' id='word_1_57' title='bbox 1106 506 1477 588; x_wconf 81' lang='grc' dir='ltr'><em>ερρωμενέστερον</em></span> <span class='ocrx_word' id='word_1_58' title='bbox 1509 504 1641 557; x_wconf 83' lang='grc' dir='ltr'><em>α’ξειν.</em></span> <span class='ocrx_word' id='word_1_59' title='bbox 1703 504 1846 557; x_wconf 87' lang='grc' dir='ltr'><em>α’λλως</em></span> <span class='ocrx_word' id='word_1_60' title='bbox 1876 516 1961 549; x_wconf 85' lang='grc' dir='ltr'><em>τε5</em></span> 
     </span>
     <span class='ocr_line' id='line_1_9' title="bbox 270 569 1920 657; baseline -0.001 -37.999"><span class='ocrx_word' id='word_1_61' title='bbox 270 579 343 620; x_wconf 86' lang='grc' dir='ltr'><em>καὶ</em></span> <span class='ocrx_word' id='word_1_62' title='bbox 373 579 459 620; x_wconf 79' lang='grc' dir='ltr'><em>τῶν</em></span> <span class='ocrx_word' id='word_1_63' title='bbox 492 575 817 630; x_wconf 76' lang='grc' dir='ltr'><em>στοχαζομένων</em></span> <span class='ocrx_word' id='word_1_64' title='bbox 848 577 924 632; x_wconf 75' lang='grc' dir='ltr'><em>τῆς</em></span> <span class='ocrx_word' id='word_1_65' title='bbox 954 576 1058 657; x_wconf 86' lang='grc' dir='ltr'><em>περὶ</em></span> <span class='ocrx_word' id='word_1_66' title='bbox 1088 571 1166 628; x_wconf 79' lang='grc' dir='ltr'><em>τὴν</em></span> <span class='ocrx_word' id='word_1_67' title='bbox 1197 576 1316 629; x_wconf 87' lang='grc' dir='ltr'><em>νίκην</em></span> <span class='ocrx_word' id='word_1_68' title='bbox 1347 574 1655 631; x_wconf 75' lang='grc' dir='ltr'><em>λαμπρότητος</em></span> <span class='ocrx_word' id='word_1_69' title='bbox 1687 569 1734 616; x_wconf 77' lang='grc' dir='ltr'><em>οὗ</em></span> <span class='ocrx_word' id='word_1_70' title='bbox 1766 577 1920 617; x_wconf 83' lang='grc' dir='ltr'><em>τοῦτον</em></span> 
     </span>
     <span class='ocr_line' id='line_1_10' title="bbox 273 635 1920 699; baseline -0.002 -12"><span class='ocrx_word' id='word_1_71' title='bbox 273 643 385 687; x_wconf 79' lang='grc' dir='ltr'><em>εἶναι</em></span> <span class='ocrx_word' id='word_1_72' title='bbox 415 643 491 687; x_wconf 84' lang='grc' dir='ltr'><em>τὸν</em></span> <span class='ocrx_word' id='word_1_73' title='bbox 521 642 693 698; x_wconf 81' lang='grc' dir='ltr'><em>καιρόν·</em></span> <span class='ocrx_word' id='word_1_74' title='bbox 727 638 775 684; x_wconf 75' lang='grc' dir='ltr'><em>οὗ</em></span> <span class='ocrx_word' id='word_1_75' title='bbox 814 642 895 698; x_wconf 81' lang='grc' dir='ltr'><em>γὰρ</em></span> <span class='ocrx_word' id='word_1_76' title='bbox 934 644 1038 697; x_wconf 86' lang='grc' dir='ltr'><em>περὶ</em></span> <span class='ocrx_word' id='word_1_77' title='bbox 1079 640 1344 698; x_wconf 85' lang='grc' dir='ltr'><em>κατασκευὴν</em></span> <span class='ocrx_word' id='word_1_78' title='bbox 1383 637 1533 684; x_wconf 87' lang='grc' dir='ltr'><em>όπλων</em></span> <span class='ocrx_word' id='word_1_79' title='bbox 1570 635 1598 699; x_wconf 74' lang='grc' dir='ltr'><em>ἢ</em></span> <span class='ocrx_word' id='word_1_80' title='bbox 1627 657 1782 694; x_wconf 88' lang='grc' dir='ltr'><em>τειχων</em></span> <span class='ocrx_word' id='word_1_81' title='bbox 1821 637 1920 684; x_wconf 78' lang='grc' dir='ltr'><em>ουδὲ</em></span> 
     </span>
     <span class='ocr_line' id='line_1_11' title="bbox 271 705 1920 767; baseline -0.001 -12.989"><span class='ocrx_word' id='word_1_82' title='bbox 271 714 376 767; x_wconf 82' lang='grc' dir='ltr'><em>περὶ</em></span> <span class='ocrx_word' id='word_1_83' title='bbox 400 709 581 767; x_wconf 60' lang='lat' dir='ltr'><em>oL77„]·¹0y1</em></span> <span class='ocrx_word' id='word_1_84' title='bbox 588 729 608 752; x_wconf 93' lang='grc' dir='ltr'><em>ν</em></span> <span class='ocrx_word' id='word_1_85' title='bbox 631 726 784 752; x_wconf 70' lang='grc' dir='ltr'><em>επικοι</em></span> <span class='ocrx_word' id='word_1_86' title='bbox 790 726 876 764; x_wconf 90' lang='grc' dir='ltr'><em>οων</em></span> <span class='ocrx_word' id='word_1_87' title='bbox 892 705 1129 758; x_wconf 86' lang='grc' dir='ltr'><em>Ιοιδαίους</em></span> <span class='ocrx_word' id='word_1_88' title='bbox 1150 705 1454 762; x_wconf 73' lang='grc' dir='ltr'><em>ἀσχολεῖσθαι,</em></span> <span class='ocrx_word' id='word_1_89' title='bbox 1476 709 1547 750; x_wconf 81' lang='grc' dir='ltr'><em>καὶ</em></span> <span class='ocrx_word' id='word_1_90' title='bbox 1578 707 1655 764; x_wconf 80' lang='grc' dir='ltr'><em>την</em></span> <span class='ocrx_word' id='word_1_91' title='bbox 1677 706 1920 763; x_wconf 73' lang='grc' dir='ltr'><em>υπέρθεσιν</em></span> 
     </span>
     <span class='ocr_line' id='line_1_12' title="bbox 270 771 1921 833; baseline -0.002 -12"><span class='ocrx_word' id='word_1_92' title='bbox 270 778 458 821; x_wconf 72' lang='grc' dir='ltr'><em>ε’σεσθαι</em></span> <span class='ocrx_word' id='word_1_93' title='bbox 498 777 606 820; x_wconf 79' lang='grc' dir='ltr'><em>κατὰ</em></span> <span class='ocrx_word' id='word_1_94' title='bbox 645 795 730 819; x_wconf 88' lang='grc' dir='ltr'><em>των</em></span> <span class='ocrx_word' id='word_1_95' title='bbox 771 776 1004 831; x_wconf 84' lang='grc' dir='ltr'><em>διδόντων,</em></span> <span class='ocrx_word' id='word_1_96' title='bbox 1046 771 1143 817; x_wconf 70' lang='grc' dir='ltr'><em>αλλ’</em></span> <span class='ocrx_word' id='word_1_97' title='bbox 1180 775 1377 832; x_wconf 74' lang='grc' dir='ltr'><em>ἒιιφιλίῳ</em></span> <span class='ocrx_word' id='word_1_98' title='bbox 1409 777 1589 831; x_wconf 80' lang='grc' dir='ltr'><em>πολέμω</em></span> <span class='ocrx_word' id='word_1_99' title='bbox 1621 777 1693 819; x_wconf 90' lang='grc' dir='ltr'><em>καὶ</em></span> <span class='ocrx_word' id='word_1_100' title='bbox 1725 776 1921 833; x_wconf 89' lang='grc' dir='ltr'><em>διχονοία</em></span> 
     </span>
     <span class='ocr_line' id='line_1_13' title="bbox 269 840 1988 925; baseline -0.002 -38"><span class='ocrx_word' id='word_1_101' title='bbox 269 844 658 902; x_wconf 69' lang='grc' dir='ltr'><em>τραχηλιζομένους</em></span> <span class='ocrx_word' id='word_1_102' title='bbox 678 840 785 886; x_wconf 70' lang='grc' dir='ltr'><em>καθ</em></span> <span class='ocrx_word' id='word_1_103' title='bbox 811 841 974 900; x_wconf 83' lang='grc' dir='ltr'><em>ἡμέραν</em></span> <span class='ocrx_word' id='word_1_104' title='bbox 998 843 1251 925; x_wconf 82' lang='grc' dir='ltr'><em>οικτρότερα</em></span> <span class='ocrx_word' id='word_1_105' title='bbox 1273 843 1459 896; x_wconf 77' lang='grc' dir='ltr'><em>πάσχειν</em></span> <span class='ocrx_word' id='word_1_106' title='bbox 1491 846 1548 885; x_wconf 78' lang='grc' dir='ltr'><em>ὡν</em></span> <span class='ocrx_word' id='word_1_107' title='bbox 1581 860 1633 885; x_wconf 91' lang='grc' dir='ltr'><em>αν</em></span> <span class='ocrx_word' id='word_1_108' title='bbox 1655 842 1922 894; x_wconf 73' lang='grc' dir='ltr'><em>ἐπελθόντες</em></span> <span class='ocrx_word' id='word_1_109' title='bbox 1952 851 1988 884; x_wconf 83' lang='grc'><em>10</em></span> 
     </span>
    </p>
   </div>
   <div class='ocr_carea' id='block_1_7' title="bbox 165 905 1920 968">
    <p class='ocr_par' dir='ltr' id='par_1_7' title="bbox 165 905 1920 968">
     <span class='ocr_line' id='line_1_14' title="bbox 165 905 1920 968; baseline -0.002 -13"><span class='ocrx_word' id='word_1_110' title='bbox 165 916 244 955; x_wconf 78' lang='grc'><em>376</em></span> <span class='ocrx_word' id='word_1_111' title='bbox 278 929 401 955; x_wconf 83' lang='grc' dir='ltr'><em>αιτοι</em></span> <span class='ocrx_word' id='word_1_112' title='bbox 441 912 641 955; x_wconf 75' lang='grc' dir='ltr'><em>διαθεῖεν</em></span> <span class='ocrx_word' id='word_1_113' title='bbox 681 928 839 961; x_wconf 71' lang='grc' dir='ltr'><em>αὐτοι-ς</em></span> <span class='ocrx_word' id='word_1_114' title='bbox 877 909 1076 961; x_wconf 86' lang='grc' dir='ltr'><em>αλόντας.</em></span> <span class='ocrx_word' id='word_1_115' title='bbox 1138 906 1219 952; x_wconf 76' lang='grc' dir='ltr'><em>ε’ίτ</em></span> <span class='ocrx_word' id='word_1_116' title='bbox 1255 908 1330 952; x_wconf 77' lang='grc' dir='ltr'><em>οὖν</em></span> <span class='ocrx_word' id='word_1_117' title='bbox 1368 905 1592 966; x_wconf 75' lang='grc' dir='ltr'><em>τάσφαλές</em></span> <span class='ocrx_word' id='word_1_118' title='bbox 1621 926 1689 959; x_wconf 94' lang='grc' dir='ltr'><em>τις</em></span> <span class='ocrx_word' id='word_1_119' title='bbox 1719 915 1920 968; x_wconf 85' lang='grc' dir='ltr'><em>σκοποιη,</em></span> 
     </span>
    </p>
   </div>
   <div class='ocr_carea' id='block_1_8' title="bbox 158 1184 236 1222">
    <p class='ocr_par' dir='ltr' id='par_1_8' title="bbox 158 1184 236 1222">
     <span class='ocr_line' id='line_1_15' title="bbox 158 1184 236 1222; baseline 0 0"><span class='ocrx_word' id='word_1_120' title='bbox 158 1184 236 1222; x_wconf 87' lang='grc'><em>377</em></span> 
     </span>
    </p>
   </div>
   <div class='ocr_carea' id='block_1_9' title="bbox 159 1317 237 1358">
    <p class='ocr_par' dir='ltr' id='par_1_9' title="bbox 159 1317 237 1358">
     <span class='ocr_line' id='line_1_16' title="bbox 159 1317 237 1358; baseline 0.026 -2"><span class='ocrx_word' id='word_1_121' title='bbox 159 1317 237 1358; x_wconf 83' lang='grc'><em>378</em></span> 
     </span>
    </p>
   </div>
   <div class='ocr_carea' id='block_1_10' title="bbox 159 1520 238 1560">
    <p class='ocr_par' dir='ltr' id='par_1_10' title="bbox 159 1520 238 1560">
     <span class='ocr_line' id='line_1_17' title="bbox 159 1520 238 1560; baseline -0.013 0"><span class='ocrx_word' id='word_1_122' title='bbox 159 1520 238 1560; x_wconf 80' lang='lat'><em>379</em></span> 
     </span>
    </p>
   </div>
   <div class='ocr_carea' id='block_1_11' title="bbox 268 973 1990 1640">
    <p class='ocr_par' dir='ltr' id='par_1_11' title="bbox 268 973 1921 1168">
     <span class='ocr_line' id='line_1_18' title="bbox 268 973 1920 1036; baseline 0 -16"><span class='ocrx_word' id='word_1_123' title='bbox 268 981 426 1036; x_wconf 59' lang='lat' dir='ltr'><em>zof‘flffl</em></span> <span class='ocrx_word' id='word_1_124' title='bbox 455 995 556 1029; x_wconf 82' lang='grc' dir='ltr'><em>τοις</em></span> <span class='ocrx_word' id='word_1_125' title='bbox 585 974 666 1035; x_wconf 80' lang='lat' dir='ltr'><em>L‘cp</em></span> <span class='ocrx_word' id='word_1_126' title='bbox 703 978 867 1021; x_wconf 77' lang='grc' dir='ltr'><em>ἑαυτῶν</em></span> <span class='ocrx_word' id='word_1_127' title='bbox 900 974 1265 1031; x_wconf 74' lang='grc' dir='ltr'><em>ἀναλισκομένοις</em></span> <span class='ocrx_word' id='word_1_128' title='bbox 1297 976 1383 1029; x_wconf 86' lang='grc' dir='ltr'><em>εᾶν,</em></span> <span class='ocrx_word' id='word_1_129' title='bbox 1416 993 1503 1019; x_wconf 87' lang='grc' dir='ltr'><em>ειτε</em></span> <span class='ocrx_word' id='word_1_130' title='bbox 1533 975 1580 1019; x_wconf 82' lang='grc' dir='ltr'><em>τὸ</em></span> <span class='ocrx_word' id='word_1_131' title='bbox 1623 973 1920 1034; x_wconf 85' lang='grc' dir='ltr'><em>ευκλεέστερον</em></span> 
     </span>
     <span class='ocr_line' id='line_1_19' title="bbox 269 1041 1921 1101; baseline -0.001 -13"><span class='ocrx_word' id='word_1_132' title='bbox 269 1049 346 1088; x_wconf 78' lang='grc' dir='ltr'><em>τοῦ</em></span> <span class='ocrx_word' id='word_1_133' title='bbox 377 1045 736 1101; x_wconf 68' lang='grc' dir='ltr'><em>κατορθώματος,</em></span> <span class='ocrx_word' id='word_1_134' title='bbox 770 1041 819 1088; x_wconf 73' lang='grc' dir='ltr'><em>οὗ</em></span> <span class='ocrx_word' id='word_1_135' title='bbox 852 1046 940 1088; x_wconf 84' lang='grc' dir='ltr'><em>δεῖν</em></span> <span class='ocrx_word' id='word_1_136' title='bbox 980 1054 1074 1094; x_wconf 90' lang='grc' dir='ltr'><em>τοῖς</em></span> <span class='ocrx_word' id='word_1_137' title='bbox 1106 1044 1219 1087; x_wconf 76' lang='grc' dir='ltr'><em>οἴκοι</em></span> <span class='ocrx_word' id='word_1_138' title='bbox 1250 1047 1453 1087; x_wconf 87' lang='grc' dir='ltr'><em>νοσοῦσιν</em></span> <span class='ocrx_word' id='word_1_139' title='bbox 1484 1043 1740 1098; x_wconf 76' lang='grc' dir='ltr'><em>ἐπιχειρεῖν·</em></span> <span class='ocrx_word' id='word_1_140' title='bbox 1781 1044 1921 1101; x_wconf 72' lang='grc' dir='ltr'><em>ῥηθη-</em></span> 
     </span>
     <span class='ocr_line' id='line_1_20' title="bbox 273 1107 1798 1168; baseline -0.001 -13"><span class='ocrx_word' id='word_1_141' title='bbox 273 1117 437 1156; x_wconf 75' lang='grc' dir='ltr'><em>σεσθαι</em></span> <span class='ocrx_word' id='word_1_142' title='bbox 466 1112 547 1168; x_wconf 80' lang='grc' dir='ltr'><em>γὰρ</em></span> <span class='ocrx_word' id='word_1_143' title='bbox 581 1109 768 1168; x_wconf 67' lang='grc' dir='ltr'><em>εὐλόγως</em></span> <span class='ocrx_word' id='word_1_144' title='bbox 800 1111 875 1155; x_wconf 73' lang='grc' dir='ltr'><em>οὐκ</em></span> <span class='ocrx_word' id='word_1_145' title='bbox 907 1108 1048 1154; x_wconf 64' lang='grc' dir='ltr'><em>αὐτῶν</em></span> <span class='ocrx_word' id='word_1_146' title='bbox 1079 1110 1156 1165; x_wconf 71' lang='grc' dir='ltr'><em>τὴν</em></span> <span class='ocrx_word' id='word_1_147' title='bbox 1188 1115 1306 1168; x_wconf 88' lang='grc' dir='ltr'><em>νίκην</em></span> <span class='ocrx_word' id='word_1_148' title='bbox 1339 1107 1449 1153; x_wconf 75' lang='grc' dir='ltr'><em>ἄλλα</em></span> <span class='ocrx_word' id='word_1_149' title='bbox 1482 1115 1559 1167; x_wconf 79' lang='grc' dir='ltr'><em>τῆς</em></span> <span class='ocrx_word' id='word_1_150' title='bbox 1590 1111 1798 1161; x_wconf 81' lang='grc' dir='ltr'><em>στάσεως.</em></span> 
     </span>
    </p>

    <p class='ocr_par' dir='ltr' id='par_1_12' title="bbox 268 1176 1990 1640">
     <span class='ocr_line' id='line_1_21' title="bbox 383 1176 1989 1257; baseline -0.002 -34"><span class='ocrx_word' id='word_1_151' title='bbox 383 1186 420 1224; x_wconf 90' lang='grc'><em>3.</em></span> <span class='ocrx_word' id='word_1_152' title='bbox 471 1183 619 1222; x_wconf 80' lang='grc' dir='ltr'><em>Ταῦτα</em></span> <span class='ocrx_word' id='word_1_153' title='bbox 671 1176 995 1235; x_wconf 68' lang='grc' dir='ltr'><em>Οὐεσπασιανῷ</em></span> <span class='ocrx_word' id='word_1_154' title='bbox 1041 1180 1206 1257; x_wconf 83' lang='grc' dir='ltr'><em>λέγοντι</em></span> <span class='ocrx_word' id='word_1_155' title='bbox 1248 1178 1455 1234; x_wconf 74' lang='grc' dir='ltr'><em>συνῄνουν</em></span> <span class='ocrx_word' id='word_1_156' title='bbox 1495 1180 1538 1222; x_wconf 79' lang='grc' dir='ltr'><em>οἱ</em></span> <span class='ocrx_word' id='word_1_157' title='bbox 1577 1177 1804 1235; x_wconf 76' lang='grc' dir='ltr'><em>ἡγεμόνες,</em></span> <span class='ocrx_word' id='word_1_158' title='bbox 1849 1181 1921 1221; x_wconf 80' lang='grc' dir='ltr'><em>καὶ</em></span> <span class='ocrx_word' id='word_1_159' title='bbox 1952 1188 1989 1220; x_wconf 87' lang='grc'><em>15</em></span> 
     </span>
     <span class='ocr_line' id='line_1_22' title="bbox 268 1241 1917 1305; baseline -0.002 -14.998"><span class='ocrx_word' id='word_1_160' title='bbox 268 1265 467 1305; x_wconf 83' lang='grc' dir='ltr'><em>παραχρη</em></span> <span class='ocrx_word' id='word_1_161' title='bbox 472 1265 534 1302; x_wconf 90' lang='grc' dir='ltr'><em>ιια</em></span> <span class='ocrx_word' id='word_1_162' title='bbox 550 1247 597 1290; x_wconf 80' lang='grc' dir='ltr'><em>τὸ</em></span> <span class='ocrx_word' id='word_1_163' title='bbox 617 1263 900 1303; x_wconf 81' lang='grc' dir='ltr'><em>στρατηγικον</em></span> <span class='ocrx_word' id='word_1_164' title='bbox 920 1249 996 1303; x_wconf 71' lang='grc' dir='ltr'><em>τῆς</em></span> <span class='ocrx_word' id='word_1_165' title='bbox 1015 1246 1186 1302; x_wconf 79' lang='grc' dir='ltr'><em>γνώμης</em></span> <span class='ocrx_word' id='word_1_166' title='bbox 1209 1242 1490 1303; x_wconf 74' lang='grc' dir='ltr'><em>ἀνεφαίνετο</em></span> <span class='ocrx_word' id='word_1_167' title='bbox 1513 1247 1672 1289; x_wconf 86' lang='grc' dir='ltr'><em>πολλοὶ</em></span> <span class='ocrx_word' id='word_1_168' title='bbox 1687 1248 1789 1302; x_wconf 80' lang='grc' dir='ltr'><em>γοῦν</em></span> <span class='ocrx_word' id='word_1_169' title='bbox 1809 1241 1917 1288; x_wconf 68' lang='grc' dir='ltr'><em>καθ’</em></span> 
     </span>
     <span class='ocr_line' id='line_1_23' title="bbox 269 1303 1921 1394; baseline -0.001 -37"><span class='ocrx_word' id='word_1_170' title='bbox 269 1313 434 1394; x_wconf 50' lang='grc' dir='ltr'><em>ιὶμέραν</em></span> <span class='ocrx_word' id='word_1_171' title='bbox 472 1312 740 1371; x_wconf 82' lang='grc' dir='ltr'><em>ηιτομόλοιν</em></span> <span class='ocrx_word' id='word_1_172' title='bbox 770 1330 871 1364; x_wconf 85' lang='grc' dir='ltr'><em>τους</em></span> <span class='ocrx_word' id='word_1_173' title='bbox 903 1312 1096 1369; x_wconf 81' lang='grc' dir='ltr'><em>ζηλ·ωτάς</em></span> <span class='ocrx_word' id='word_1_174' title='bbox 1128 1313 1522 1369; x_wconf 71' lang='grc' dir='ltr'><em>διαδιδράσκοντες.</em></span> <span class='ocrx_word' id='word_1_175' title='bbox 1593 1312 1761 1368; x_wconf 83' lang='grc' dir='ltr'><em>χαλεπη</em></span> <span class='ocrx_word' id='word_1_176' title='bbox 1795 1312 1836 1355; x_wconf 76' lang='grc' dir='ltr'><em>δ’</em></span> <span class='ocrx_word' id='word_1_177' title='bbox 1869 1303 1921 1371; x_wconf 72' lang='grc' dir='ltr'><em>ἦν</em></span> 
     </span>
     <span class='ocr_line' id='line_1_24' title="bbox 269 1379 1921 1460; baseline 0 -37"><span class='ocrx_word' id='word_1_178' title='bbox 269 1401 292 1440; x_wconf 91' lang='grc' dir='ltr'><em>η</em></span> <span class='ocrx_word' id='word_1_179' title='bbox 328 1383 438 1440; x_wconf 82' lang='grc' dir='ltr'><em>φυγὴ</em></span> <span class='ocrx_word' id='word_1_180' title='bbox 465 1391 678 1460; x_wconf 71' lang='grc' dir='ltr'><em>ᾳροιραῖς</em></span> <span class='ocrx_word' id='word_1_181' title='bbox 709 1381 1000 1438; x_wconf 88' lang='grc' dir='ltr'><em>διειληφότων</em></span> <span class='ocrx_word' id='word_1_182' title='bbox 1021 1379 1100 1430; x_wconf 75' lang='grc' dir='ltr'><em>τὰς</em></span> <span class='ocrx_word' id='word_1_183' title='bbox 1132 1380 1352 1430; x_wconf 77' lang='grc' dir='ltr'><em>διεξόδους</em></span> <span class='ocrx_word' id='word_1_184' title='bbox 1383 1380 1530 1430; x_wconf 85' lang='grc' dir='ltr'><em>πάσας</em></span> <span class='ocrx_word' id='word_1_185' title='bbox 1559 1382 1631 1423; x_wconf 84' lang='grc' dir='ltr'><em>καὶ</em></span> <span class='ocrx_word' id='word_1_186' title='bbox 1662 1380 1738 1423; x_wconf 81' lang='grc' dir='ltr'><em>τὸν</em></span> <span class='ocrx_word' id='word_1_187' title='bbox 1768 1397 1921 1423; x_wconf 87' lang='grc' dir='ltr'><em>οπωσ-</em></span> 
     </span>
     <span class='ocr_line' id='line_1_25' title="bbox 270 1445 1920 1502; baseline -0.002 -10"><span class='ocrx_word' id='word_1_188' title='bbox 270 1453 344 1492; x_wconf 81' lang='grc' dir='ltr'><em>οὖν</em></span> <span class='ocrx_word' id='word_1_189' title='bbox 386 1467 429 1492; x_wconf 85' lang='grc' dir='ltr'><em>εν</em></span> <span class='ocrx_word' id='word_1_190' title='bbox 470 1446 622 1499; x_wconf 80' lang='grc' dir='ltr'><em>αιταῐς</em></span> <span class='ocrx_word' id='word_1_191' title='bbox 663 1446 947 1502; x_wconf 69' lang='grc' dir='ltr'><em>ἁλισκόμειον</em></span> <span class='ocrx_word' id='word_1_192' title='bbox 988 1445 1047 1497; x_wconf 77' lang='grc' dir='ltr'><em>(ὗς</em></span> <span class='ocrx_word' id='word_1_193' title='bbox 1091 1447 1204 1502; x_wconf 82' lang='grc' dir='ltr'><em>πρὸς</em></span> <span class='ocrx_word' id='word_1_194' title='bbox 1237 1445 1472 1502; x_wconf 87' lang='grc' dir='ltr'><em>Ῥωμαίους</em></span> <span class='ocrx_word' id='word_1_195' title='bbox 1511 1446 1701 1490; x_wconf 83' lang='grc' dir='ltr'><em>ἀπιόντα</em></span> <span class='ocrx_word' id='word_1_196' title='bbox 1733 1447 1920 1502; x_wconf 86' lang='grc' dir='ltr'><em>διαχρω-</em></span> 
     </span>
     <span class='ocr_line' id='line_1_26' title="bbox 269 1505 1990 1573; baseline -0.002 -14"><span class='ocrx_word' id='word_1_197' title='bbox 269 1520 423 1571; x_wconf 87' lang='grc' dir='ltr'><em>μένων.</em></span> <span class='ocrx_word' id='word_1_198' title='bbox 475 1517 499 1559; x_wconf 74' lang='grc' dir='ltr'><em>δ’</em></span> <span class='ocrx_word' id='word_1_199' title='bbox 519 1533 565 1572; x_wconf 91' lang='grc' dir='ltr'><em>γε</em></span> <span class='ocrx_word' id='word_1_200' title='bbox 587 1515 670 1573; x_wconf 83' lang='grc' dir='ltr'><em>μὴν</em></span> <span class='ocrx_word' id='word_1_201' title='bbox 687 1516 886 1572; x_wconf 79' lang='grc' dir='ltr'><em>χρήματα</em></span> <span class='ocrx_word' id='word_1_202' title='bbox 909 1514 1010 1564; x_wconf 63' lang='grc' dir='ltr'><em>δοὺς</em></span> <span class='ocrx_word' id='word_1_203' title='bbox 1050 1514 1252 1571; x_wconf 73' lang='grc' dir='ltr'><em>ἐξηφίετο</em></span> <span class='ocrx_word' id='word_1_204' title='bbox 1284 1517 1356 1558; x_wconf 86' lang='grc' dir='ltr'><em>καὶ</em></span> <span class='ocrx_word' id='word_1_205' title='bbox 1386 1514 1519 1568; x_wconf 87' lang='grc' dir='ltr'><em>μόνος</em></span> <span class='ocrx_word' id='word_1_206' title='bbox 1548 1505 1599 1572; x_wconf 73' lang='grc' dir='ltr'><em>ἦν</em></span> <span class='ocrx_word' id='word_1_207' title='bbox 1630 1512 1651 1557; x_wconf 80' lang='lat' dir='ltr'><em>0c</em></span> <span class='ocrx_word' id='word_1_208' title='bbox 1684 1513 1743 1572; x_wconf 86' lang='grc' dir='ltr'><em>μὴ</em></span> <span class='ocrx_word' id='word_1_209' title='bbox 1776 1514 1924 1565; x_wconf 71' lang='grc' dir='ltr'><em>διδοὺς</em></span> <span class='ocrx_word' id='word_1_210' title='bbox 1953 1524 1990 1557; x_wconf 87' lang='grc'><em>20</em></span> 
     </span>
     <span class='ocr_line' id='line_1_27' title="bbox 268 1578 1920 1640; baseline -0.001 -14"><span class='ocrx_word' id='word_1_211' title='bbox 268 1584 507 1640; x_wconf 88' lang='grc' dir='ltr'><em>προδότης,</em></span> <span class='ocrx_word' id='word_1_212' title='bbox 548 1579 659 1625; x_wconf 70' lang='grc' dir='ltr'><em>ὥστε</em></span> <span class='ocrx_word' id='word_1_213' title='bbox 698 1584 979 1625; x_wconf 80' lang='grc' dir='ltr'><em>κατελείπετο</em></span> <span class='ocrx_word' id='word_1_214' title='bbox 1019 1584 1106 1625; x_wconf 77' lang='grc' dir='ltr'><em>τῶν</em></span> <span class='ocrx_word' id='word_1_215' title='bbox 1146 1578 1346 1637; x_wconf 69' lang='grc' dir='ltr'><em>εὐπόρων</em></span> <span class='ocrx_word' id='word_1_216' title='bbox 1383 1581 1460 1637; x_wconf 79' lang='grc' dir='ltr'><em>την</em></span> <span class='ocrx_word' id='word_1_217' title='bbox 1496 1580 1634 1638; x_wconf 80' lang='grc' dir='ltr'><em>φυγὴν</em></span> <span class='ocrx_word' id='word_1_218' title='bbox 1666 1578 1920 1636; x_wconf 82' lang='grc' dir='ltr'><em>ὠνουμένων</em></span> 
     </span>
    </p>
   </div>
   <div class='ocr_carea' id='block_1_12' title="bbox 347 1691 1706 1697">
    <p class='ocr_par' dir='ltr' id='par_1_13' title="bbox 347 1691 1706 1697">
     <span class='ocr_line' id='line_1_28' title="bbox 347 1691 1706 1697; baseline 0 0"><span class='ocrx_word' id='word_1_219' title='bbox 347 1691 1706 1697; x_wconf 95' lang='lat' dir='ltr'><em> </em></span> 
     </span>
    </p>
   </div>
   <div class='ocr_carea' id='block_1_13' title="bbox 1105 1693 1706 1696">
    <p class='ocr_par' dir='ltr' id='par_1_14' title="bbox 1105 1693 1706 1696">
     <span class='ocr_line' id='line_1_29' title="bbox 1105 1693 1706 1696; baseline 0 0"><span class='ocrx_word' id='word_1_220' title='bbox 1105 1693 1706 1696; x_wconf 95' lang='lat' dir='ltr'><em> </em></span> 
     </span>
    </p>
   </div>
   <div class='ocr_carea' id='block_1_14' title="bbox 380 1739 1667 1784">
    <p class='ocr_par' dir='ltr' id='par_1_15' title="bbox 380 1739 1667 1784">
     <span class='ocr_line' id='line_1_30' title="bbox 380 1739 1667 1784; baseline 0 -10"><span class='ocrx_word' id='word_1_221' title='bbox 380 1739 905 1783; x_wconf 81' lang='lat' dir='ltr'>PAMLVRCLatHegesippus</span> <span class='ocrx_word' id='word_1_222' title='bbox 929 1739 977 1773; x_wconf 92' lang='lat' dir='ltr'><em>IV</em></span> <span class='ocrx_word' id='word_1_223' title='bbox 1006 1742 1041 1773; x_wconf 91' lang='grc'><em>11</em></span> <span class='ocrx_word' id='word_1_224' title='bbox 1070 1750 1103 1783; x_wconf 88' lang='lat' dir='ltr'><em>p.</em></span> <span class='ocrx_word' id='word_1_225' title='bbox 1131 1742 1195 1773; x_wconf 74' lang='lat'><em>242</em></span> <span class='ocrx_word' id='word_1_226' title='bbox 1220 1739 1347 1774; x_wconf 82' lang='lat' dir='ltr'>Suidas</span> <span class='ocrx_word' id='word_1_227' title='bbox 1371 1750 1400 1774; x_wconf 84' lang='lat' dir='ltr'><em>s.</em></span> <span class='ocrx_word' id='word_1_228' title='bbox 1426 1740 1667 1784; x_wconf 71' lang='grc' dir='ltr'><em>τραχηλιζων.</em></span> 
     </span>
    </p>
   </div>
   <div class='ocr_carea' id='block_1_15' title="bbox 266 1800 1922 2482">
    <p class='ocr_par' dir='ltr' id='par_1_16' title="bbox 384 1800 1828 1852">
     <span class='ocr_line' id='line_1_31' title="bbox 384 1800 1828 1852; baseline 0 -12"><span class='ocrx_word' id='word_1_229' title='bbox 384 1811 395 1840; x_wconf 89' lang='grc'><strong>1</strong></span> <span class='ocrx_word' id='word_1_230' title='bbox 424 1804 567 1852; x_wconf 77' lang='grc' dir='ltr'><em>γνώτω]</em></span> <span class='ocrx_word' id='word_1_231' title='bbox 592 1808 693 1847; x_wconf 75' lang='lat' dir='ltr'><em>sciat,</em></span> <span class='ocrx_word' id='word_1_232' title='bbox 719 1807 835 1851; x_wconf 73' lang='lat' dir='ltr'><em>inquit</em></span> <span class='ocrx_word' id='word_1_233' title='bbox 859 1807 927 1840; x_wconf 82' lang='lat' dir='ltr'><em>Lat</em></span> <span class='ocrx_word' id='word_1_234' title='bbox 1021 1800 1160 1845; x_wconf 76' lang='grc' dir='ltr'><em>ὅπλων,</em></span> <span class='ocrx_word' id='word_1_235' title='bbox 1185 1819 1205 1841; x_wconf 93' lang='grc' dir='ltr'><em>ο</em></span> <span class='ocrx_word' id='word_1_236' title='bbox 1231 1816 1274 1840; x_wconf 80' lang='lat' dir='ltr'><em>ex</em></span> <span class='ocrx_word' id='word_1_237' title='bbox 1299 1822 1319 1852; x_wconf 86' lang='grc' dir='ltr'><em>η</em></span> <span class='ocrx_word' id='word_1_238' title='bbox 1343 1816 1434 1841; x_wconf 80' lang='lat' dir='ltr'><strong>corr.</strong></span> <span class='ocrx_word' id='word_1_239' title='bbox 1460 1806 1531 1840; x_wconf 87' lang='lat' dir='ltr'>uid.</span> <span class='ocrx_word' id='word_1_240' title='bbox 1555 1807 1588 1840; x_wconf 93' lang='lat' dir='ltr'><strong>A</strong></span> <span class='ocrx_word' id='word_1_241' title='bbox 1610 1802 1612 1804; x_wconf 60' lang='grc'>’</span> <span class='ocrx_word' id='word_1_242' title='bbox 1684 1801 1775 1847; x_wconf 76' lang='grc' dir='ltr'><em>μεθ’</em></span> <span class='ocrx_word' id='word_1_243' title='bbox 1802 1805 1828 1840; x_wconf 87' lang='lat' dir='ltr'>C</span> 
     </span>
    </p>

    <p class='ocr_par' dir='ltr' id='par_1_17' title="bbox 266 1858 1922 2355">
     <span class='ocr_line' id='line_1_32' title="bbox 268 1858 1919 1908; baseline 0 -11"><span class='ocrx_word' id='word_1_244' title='bbox 268 1866 286 1897; x_wconf 87' lang='lat'><strong>2</strong></span> <span class='ocrx_word' id='word_1_245' title='bbox 312 1862 614 1908; x_wconf 77' lang='grc' dir='ltr'><em>λυσιτελέστερον</em></span> <span class='ocrx_word' id='word_1_246' title='bbox 640 1860 685 1897; x_wconf 76' lang='grc' dir='ltr'><em>ὄν</em></span> <span class='ocrx_word' id='word_1_247' title='bbox 709 1862 923 1896; x_wconf 81' lang='lat' dir='ltr'>Herwerden</span> <span class='ocrx_word' id='word_1_248' title='bbox 1037 1859 1110 1908; x_wconf 77' lang='grc' dir='ltr'><em>γὰρ</em></span> <span class='ocrx_word' id='word_1_249' title='bbox 1134 1873 1162 1896; x_wconf 79' lang='lat' dir='ltr'><em>s.</em></span> <span class='ocrx_word' id='word_1_250' title='bbox 1186 1862 1219 1895; x_wconf 95' lang='lat' dir='ltr'>A</span> <span class='ocrx_word' id='word_1_251' title='bbox 1341 1858 1495 1906; x_wconf 76' lang='grc' dir='ltr'><em>εὖκλεὴσ</em></span> <span class='ocrx_word' id='word_1_252' title='bbox 1519 1862 1549 1895; x_wconf 89' lang='grc' dir='ltr'><strong>Α</strong></span> <span class='ocrx_word' id='word_1_253' title='bbox 1684 1859 1768 1907; x_wconf 76' lang='grc' dir='ltr'><em>χρὴ]</em></span> <span class='ocrx_word' id='word_1_254' title='bbox 1794 1862 1828 1898; x_wconf 86' lang='grc' dir='ltr'><em>εἰ</em></span> <span class='ocrx_word' id='word_1_255' title='bbox 1848 1859 1919 1907; x_wconf 80' lang='grc' dir='ltr'><em>χρὴ</em></span> 
     </span>
     <span class='ocr_line' id='line_1_33' title="bbox 267 1913 1921 1965; baseline 0.001 -13"><span class='ocrx_word' id='word_1_256' title='bbox 267 1919 294 1952; x_wconf 86' lang='grc' dir='ltr'>Ρ</span> <span class='ocrx_word' id='word_1_257' title='bbox 316 1915 410 1964; x_wconf 69' lang='grc' dir='ltr'><em>·χρι“]</em></span> <span class='ocrx_word' id='word_1_258' title='bbox 441 1919 474 1951; x_wconf 91' lang='grc' dir='ltr'><strong>Α</strong></span> <span class='ocrx_word' id='word_1_259' title='bbox 589 1921 607 1951; x_wconf 89' lang='lat'><strong>3</strong></span> <span class='ocrx_word' id='word_1_260' title='bbox 640 1916 866 1965; x_wconf 76' lang='grc' dir='ltr'><em>πράξαντας]</em></span> <span class='ocrx_word' id='word_1_261' title='bbox 900 1917 1180 1963; x_wconf 76' lang='grc' dir='ltr'><em>διαπραξαντασ</em></span> <span class='ocrx_word' id='word_1_262' title='bbox 1205 1918 1230 1951; x_wconf 90' lang='lat' dir='ltr'>C</span> <span class='ocrx_word' id='word_1_263' title='bbox 1359 1920 1379 1951; x_wconf 83' lang='lat'>4</span> <span class='ocrx_word' id='word_1_264' title='bbox 1411 1913 1539 1958; x_wconf 70' lang='grc' dir='ltr'><em>αὑτοῦ]</em></span> <span class='ocrx_word' id='word_1_265' title='bbox 1575 1914 1710 1952; x_wconf 72' lang='grc' dir='ltr'><em>ἑαυτοῦ</em></span> <span class='ocrx_word' id='word_1_266' title='bbox 1741 1917 1771 1950; x_wconf 93' lang='lat' dir='ltr'><em>L</em></span> <span class='ocrx_word' id='word_1_267' title='bbox 1805 1913 1921 1953; x_wconf 77' lang='grc' dir='ltr'><em>αὐτοῦ</em></span> 
     </span>
     <span class='ocr_line' id='line_1_34' title="bbox 266 1970 1921 2018; baseline 0 -11"><span class='ocrx_word' id='word_1_268' title='bbox 266 1974 446 2015; x_wconf 87' lang='lat' dir='ltr'>AMVRC,</span> <span class='ocrx_word' id='word_1_269' title='bbox 473 1984 539 2008; x_wconf 91' lang='lat' dir='ltr'><em>om.</em></span> <span class='ocrx_word' id='word_1_270' title='bbox 564 1974 635 2007; x_wconf 82' lang='lat' dir='ltr'><em>Lat.</em></span> <span class='ocrx_word' id='word_1_271' title='bbox 747 1970 1041 2018; x_wconf 74' lang='grc' dir='ltr'><em>α’ναλειφθεῖσαν</em></span> <span class='ocrx_word' id='word_1_272' title='bbox 1067 1973 1092 2007; x_wconf 87' lang='lat' dir='ltr'>C</span> <span class='ocrx_word' id='word_1_273' title='bbox 1185 1978 1203 2007; x_wconf 86' lang='lat'>5</span> <span class='ocrx_word' id='word_1_274' title='bbox 1235 1972 1538 2018; x_wconf 79' lang='grc' dir='ltr'><em>ἐρωμενέστερον</em></span> <span class='ocrx_word' id='word_1_275' title='bbox 1561 1972 1594 2006; x_wconf 87' lang='lat' dir='ltr'>R</span> <span class='ocrx_word' id='word_1_276' title='bbox 1691 1970 1803 2015; x_wconf 75' lang='grc' dir='ltr'><em>ἄξειν]</em></span> <span class='ocrx_word' id='word_1_277' title='bbox 1827 1970 1921 2015; x_wconf 76' lang='grc' dir='ltr'><em>ἕξειν</em></span> 
     </span>
     <span class='ocr_line' id='line_1_35' title="bbox 266 2026 1919 2076; baseline 0 -12"><span class='ocrx_word' id='word_1_278' title='bbox 266 2032 299 2064; x_wconf 87' lang='grc' dir='ltr'><strong>Α</strong></span> <span class='ocrx_word' id='word_1_279' title='bbox 326 2027 451 2076; x_wconf 66' lang='grc' dir='ltr'><em>ἄρξειν</em></span> <span class='ocrx_word' id='word_1_280' title='bbox 475 2028 550 2071; x_wconf 73' lang='lat' dir='ltr'><strong>(sic)</strong></span> <span class='ocrx_word' id='word_1_281' title='bbox 575 2029 604 2062; x_wconf 89' lang='lat' dir='ltr'><em>L</em></span> <span class='ocrx_word' id='word_1_282' title='bbox 630 2030 773 2064; x_wconf 75' lang='lat' dir='ltr'><em>ductum</em></span> <span class='ocrx_word' id='word_1_283' title='bbox 804 2030 852 2063; x_wconf 70' lang='lat' dir='ltr'><em>iri</em></span> <span class='ocrx_word' id='word_1_284' title='bbox 874 2029 958 2073; x_wconf 80' lang='lat' dir='ltr'>Lat3</span> <span class='ocrx_word' id='word_1_285' title='bbox 991 2028 1022 2065; x_wconf 76' lang='grc' dir='ltr'><em>εἰ</em></span> <span class='ocrx_word' id='word_1_286' title='bbox 1053 2029 1121 2072; x_wconf 76' lang='grc' dir='ltr'><em>μὲν</em></span> <span class='ocrx_word' id='word_1_287' title='bbox 1152 2027 1480 2074; x_wconf 76' lang='grc' dir='ltr'><em>ἐρρωμενέστερον</em></span> <span class='ocrx_word' id='word_1_288' title='bbox 1511 2026 1654 2075; x_wconf 69' lang='grc' dir='ltr'><em>ἄρξειν·</em></span> <span class='ocrx_word' id='word_1_289' title='bbox 1687 2029 1722 2064; x_wconf 82' lang='grc' dir='ltr'><em>εἰ</em></span> <span class='ocrx_word' id='word_1_290' title='bbox 1744 2029 1782 2064; x_wconf 79' lang='grc' dir='ltr'><em>δὲ</em></span> <span class='ocrx_word' id='word_1_291' title='bbox 1805 2028 1919 2075; x_wconf 78' lang='grc' dir='ltr'><em>ἔρρω-</em></span> 
     </span>
     <span class='ocr_line' id='line_1_36' title="bbox 267 2082 1920 2131; baseline -0.001 -10"><span class='ocrx_word' id='word_1_292' title='bbox 267 2085 507 2131; x_wconf 80' lang='grc' dir='ltr'><em>μενεστέραν,</em></span> <span class='ocrx_word' id='word_1_293' title='bbox 532 2082 639 2127; x_wconf 72' lang='grc' dir='ltr'><em>ἕξειν·</em></span> <span class='ocrx_word' id='word_1_294' title='bbox 665 2085 687 2120; x_wconf 87' lang='lat' dir='ltr'><em>i.</em></span> <span class='ocrx_word' id='word_1_295' title='bbox 714 2095 823 2128; x_wconf 83' lang='lat' dir='ltr'>marg.</span> <span class='ocrx_word' id='word_1_296' title='bbox 849 2086 996 2119; x_wconf 77' lang='lat' dir='ltr'>adnotat</span> <span class='ocrx_word' id='word_1_297' title='bbox 1021 2085 1150 2119; x_wconf 83' lang='lat' dir='ltr'>litteris</span> <span class='ocrx_word' id='word_1_298' title='bbox 1174 2085 1375 2120; x_wconf 85' lang='lat' dir='ltr'>maiusculis</span> <span class='ocrx_word' id='word_1_299' title='bbox 1400 2096 1443 2119; x_wconf 91' lang='lat' dir='ltr'><em>m.</em></span> <span class='ocrx_word' id='word_1_300' title='bbox 1474 2089 1486 2119; x_wconf 93' lang='lat'>1</span> <span class='ocrx_word' id='word_1_301' title='bbox 1514 2085 1544 2118; x_wconf 90' lang='lat' dir='ltr'><em>L</em></span> <span class='ocrx_word' id='word_1_302' title='bbox 1638 2087 1658 2119; x_wconf 88' lang='lat'><strong>6</strong></span> <span class='ocrx_word' id='word_1_303' title='bbox 1682 2087 1759 2120; x_wconf 81' lang='grc' dir='ltr'><em>τῶν</em></span> <span class='ocrx_word' id='word_1_304' title='bbox 1783 2096 1920 2129; x_wconf 85' lang='grc' dir='ltr'><em>στοχα-</em></span> 
     </span>
     <span class='ocr_line' id='line_1_37' title="bbox 267 2139 1921 2189; baseline -0.001 -13"><span class='ocrx_word' id='word_1_305' title='bbox 267 2139 414 2185; x_wconf 79' lang='grc' dir='ltr'><em>ζόντων</em></span> <span class='ocrx_word' id='word_1_306' title='bbox 444 2141 477 2175; x_wconf 89' lang='lat' dir='ltr'><strong>R</strong></span> <span class='ocrx_word' id='word_1_307' title='bbox 512 2147 591 2182; x_wconf 85' lang='grc' dir='ltr'><em>τοῖς</em></span> <span class='ocrx_word' id='word_1_308' title='bbox 631 2140 926 2186; x_wconf 78' lang='grc' dir='ltr'><em>στοχαζομένοις</em></span> <span class='ocrx_word' id='word_1_309' title='bbox 956 2141 1107 2175; x_wconf 83' lang='lat' dir='ltr'>Hudson</span> <span class='ocrx_word' id='word_1_310' title='bbox 1147 2144 1201 2189; x_wconf 78' lang='grc' dir='ltr'><em>τῷ</em></span> <span class='ocrx_word' id='word_1_311' title='bbox 1240 2140 1505 2189; x_wconf 77' lang='grc' dir='ltr'><em>στοχαζομένῳ</em></span> <span class='ocrx_word' id='word_1_312' title='bbox 1542 2140 1716 2175; x_wconf 80' lang='lat' dir='ltr'>Destinon</span> <span class='ocrx_word' id='word_1_313' title='bbox 1856 2143 1921 2185; x_wconf 83' lang='grc' dir='ltr'><em>τῆς</em></span> 
     </span>
     <span class='ocr_line' id='line_1_38' title="bbox 268 2193 1920 2243; baseline -0.001 -12"><span class='ocrx_word' id='word_1_314' title='bbox 268 2208 335 2232; x_wconf 90' lang='lat' dir='ltr'><em>om.</em></span> <span class='ocrx_word' id='word_1_315' title='bbox 370 2197 394 2231; x_wconf 90' lang='lat' dir='ltr'>C</span> <span class='ocrx_word' id='word_1_316' title='bbox 487 2200 505 2231; x_wconf 84' lang='lat' dir='ltr'>S</span> <span class='ocrx_word' id='word_1_317' title='bbox 538 2196 764 2243; x_wconf 74' lang='grc' dir='ltr'><em>ἐπικουριιῦν</em></span> <span class='ocrx_word' id='word_1_318' title='bbox 788 2197 817 2230; x_wconf 87' lang='lat' dir='ltr'>L</span> <span class='ocrx_word' id='word_1_319' title='bbox 927 2199 1002 2237; x_wconf 82' lang='grc' dir='ltr'><em>καὶ]</em></span> <span class='ocrx_word' id='word_1_320' title='bbox 1034 2201 1142 2241; x_wconf 77' lang='lat' dir='ltr'><em>atque</em></span> <span class='ocrx_word' id='word_1_321' title='bbox 1173 2196 1253 2231; x_wconf 76' lang='lat' dir='ltr'><em>ideo</em></span> <span class='ocrx_word' id='word_1_322' title='bbox 1286 2197 1356 2231; x_wconf 83' lang='lat' dir='ltr'><em>Lat</em></span> <span class='ocrx_word' id='word_1_323' title='bbox 1388 2193 1438 2238; x_wconf 77' lang='grc' dir='ltr'><em>ὡς</em></span> <span class='ocrx_word' id='word_1_324' title='bbox 1469 2196 1662 2239; x_wconf 80' lang='lat' dir='ltr'>Destinon3</span> <span class='ocrx_word' id='word_1_325' title='bbox 1694 2195 1786 2230; x_wconf 86' lang='lat' dir='ltr'>idem</span> <span class='ocrx_word' id='word_1_326' title='bbox 1817 2195 1920 2230; x_wconf 81' lang='lat' dir='ltr'><strong>aliter</strong></span> 
     </span>
     <span class='ocr_line' id='line_1_39' title="bbox 267 2247 1922 2297; baseline -0.001 -10"><span class='ocrx_word' id='word_1_327' title='bbox 267 2253 478 2288; x_wconf 76' lang='lat' dir='ltr'>sententiam</span> <span class='ocrx_word' id='word_1_328' title='bbox 509 2252 649 2287; x_wconf 82' lang='lat' dir='ltr'>restitui</span> <span class='ocrx_word' id='word_1_329' title='bbox 680 2263 785 2297; x_wconf 81' lang='lat' dir='ltr'>posse</span> <span class='ocrx_word' id='word_1_330' title='bbox 819 2253 996 2287; x_wconf 77' lang='lat' dir='ltr'><strong>existimat</strong></span> <span class='ocrx_word' id='word_1_331' title='bbox 1020 2253 1138 2287; x_wconf 81' lang='lat' dir='ltr'>uerbis</span> <span class='ocrx_word' id='word_1_332' title='bbox 1162 2255 1224 2288; x_wconf 83' lang='grc' dir='ltr'><em>καὶ</em></span> <span class='ocrx_word' id='word_1_333' title='bbox 1249 2273 1291 2277; x_wconf 89' lang='lat'><em>——</em></span> <span class='ocrx_word' id='word_1_334' title='bbox 1316 2247 1495 2288; x_wconf 79' lang='grc' dir='ltr'><em>διδόντων</em></span> <span class='ocrx_word' id='word_1_335' title='bbox 1526 2262 1634 2296; x_wconf 82' lang='lat' dir='ltr'>supra</span> <span class='ocrx_word' id='word_1_336' title='bbox 1656 2262 1690 2295; x_wconf 88' lang='lat' dir='ltr'><em>p.</em></span> <span class='ocrx_word' id='word_1_337' title='bbox 1718 2253 1815 2292; x_wconf 81' lang='lat'><strong>395,8</strong></span> <span class='ocrx_word' id='word_1_338' title='bbox 1840 2254 1922 2295; x_wconf 80' lang='lat' dir='ltr'><strong>post</strong></span> 
     </span>
     <span class='ocr_line' id='line_1_40' title="bbox 266 2303 1854 2355; baseline -0.003 -10"><span class='ocrx_word' id='word_1_339' title='bbox 266 2303 575 2355; x_wconf 74' lang='grc' dir='ltr'><em>μετανοήσαντας</em></span> <span class='ocrx_word' id='word_1_340' title='bbox 592 2309 716 2353; x_wconf 84' lang='lat' dir='ltr'>positis</span> <span class='ocrx_word' id='word_1_341' title='bbox 787 2313 806 2343; x_wconf 85' lang='grc'><strong>9</strong></span> <span class='ocrx_word' id='word_1_342' title='bbox 824 2306 1013 2351; x_wconf 84' lang='grc' dir='ltr'><em>διδόντων]</em></span> <span class='ocrx_word' id='word_1_343' title='bbox 1039 2307 1218 2345; x_wconf 85' lang='grc' dir='ltr'><em>διδόντων</em></span> <span class='ocrx_word' id='word_1_344' title='bbox 1241 2305 1334 2344; x_wconf 73' lang='grc' dir='ltr'><em>καθ’</em></span> <span class='ocrx_word' id='word_1_345' title='bbox 1361 2304 1503 2354; x_wconf 73' lang='grc' dir='ltr'><em>ἡμέραν</em></span> <span class='ocrx_word' id='word_1_346' title='bbox 1527 2308 1603 2348; x_wconf 84' lang='lat' dir='ltr'><strong>(cfr.</strong></span> <span class='ocrx_word' id='word_1_347' title='bbox 1629 2307 1674 2341; x_wconf 86' lang='lat' dir='ltr'><em>ad</em></span> <span class='ocrx_word' id='word_1_348' title='bbox 1698 2317 1732 2341; x_wconf 92' lang='lat' dir='ltr'><em>u.</em></span> <span class='ocrx_word' id='word_1_349' title='bbox 1756 2310 1806 2349; x_wconf 91' lang='lat'><em>10)</em></span> <span class='ocrx_word' id='word_1_350' title='bbox 1821 2307 1854 2340; x_wconf 94' lang='lat' dir='ltr'>A</span> 
     </span>
    </p>

    <p class='ocr_par' dir='ltr' id='par_1_18' title="bbox 266 2362 1920 2466">
     <span class='ocr_line' id='line_1_41' title="bbox 266 2362 1920 2412; baseline -0.001 -12"><span class='ocrx_word' id='word_1_351' title='bbox 266 2364 425 2409; x_wconf 77' lang='grc' dir='ltr'><em>ἐνφνλίω</em></span> <span class='ocrx_word' id='word_1_352' title='bbox 450 2365 477 2399; x_wconf 93' lang='grc' dir='ltr'>Ρ</span> <span class='ocrx_word' id='word_1_353' title='bbox 501 2366 677 2409; x_wconf 77' lang='grc' dir='ltr'><em>ἕμφυλίω,</em></span> <span class='ocrx_word' id='word_1_354' title='bbox 704 2380 733 2400; x_wconf 86' lang='grc' dir='ltr'><em>ω</em></span> <span class='ocrx_word' id='word_1_355' title='bbox 758 2375 785 2399; x_wconf 85' lang='lat' dir='ltr'><em>s.</em></span> <span class='ocrx_word' id='word_1_356' title='bbox 804 2365 836 2398; x_wconf 95' lang='lat' dir='ltr'><strong>A</strong></span> <span class='ocrx_word' id='word_1_357' title='bbox 928 2364 1079 2412; x_wconf 76' lang='grc' dir='ltr'><em>πολέμῳ</em></span> <span class='ocrx_word' id='word_1_358' title='bbox 1097 2385 1140 2388; x_wconf 90' lang='grc'><strong>-</strong></span> <span class='ocrx_word' id='word_1_359' title='bbox 1160 2368 1199 2399; x_wconf 86' lang='grc'><em>10</em></span> <span class='ocrx_word' id='word_1_360' title='bbox 1224 2362 1382 2409; x_wconf 78' lang='grc' dir='ltr'><em>πάσχειν</em></span> <span class='ocrx_word' id='word_1_361' title='bbox 1406 2364 1513 2398; x_wconf 81' lang='lat' dir='ltr'>habet</span> <span class='ocrx_word' id='word_1_362' title='bbox 1536 2362 1663 2398; x_wconf 83' lang='lat' dir='ltr'>Suidas</span> <span class='ocrx_word' id='word_1_363' title='bbox 1738 2363 1920 2408; x_wconf 83' lang='grc' dir='ltr'><em>διχονοία,</em></span> 
     </span>
     <span class='ocr_line' id='line_1_42' title="bbox 268 2417 1853 2482; baseline -0.002 -27"><span class='ocrx_word' id='word_1_364' title='bbox 268 2434 303 2455; x_wconf 89' lang='grc' dir='ltr'><em>οι</em></span> <span class='ocrx_word' id='word_1_365' title='bbox 328 2421 349 2454; x_wconf 88' lang='lat' dir='ltr'><em>i.</em></span> <span class='ocrx_word' id='word_1_366' title='bbox 375 2431 445 2455; x_wconf 84' lang='lat' dir='ltr'><strong>ras.</strong></span> <span class='ocrx_word' id='word_1_367' title='bbox 478 2424 488 2454; x_wconf 92' lang='lat' dir='ltr'>l</span> <span class='ocrx_word' id='word_1_368' title='bbox 516 2421 583 2456; x_wconf 82' lang='lat' dir='ltr'><strong>litt.</strong></span> <span class='ocrx_word' id='word_1_369' title='bbox 609 2432 655 2456; x_wconf 90' lang='lat' dir='ltr'><em>m.</em></span> <span class='ocrx_word' id='word_1_370' title='bbox 682 2423 700 2454; x_wconf 82' lang='lat'>2</span> <span class='ocrx_word' id='word_1_371' title='bbox 726 2421 758 2455; x_wconf 94' lang='lat' dir='ltr'><strong>V</strong></span> <span class='ocrx_word' id='word_1_372' title='bbox 852 2424 890 2455; x_wconf 82' lang='lat'><em>10</em></span> <span class='ocrx_word' id='word_1_373' title='bbox 917 2420 1284 2466; x_wconf 59' lang='grc' dir='ltr'><em>τραχηὶιαζομένουσ</em></span> <span class='ocrx_word' id='word_1_374' title='bbox 1308 2420 1368 2455; x_wconf 82' lang='lat' dir='ltr'><em>Rc</em></span> <span class='ocrx_word' id='word_1_375' title='bbox 1442 2417 1535 2455; x_wconf 74' lang='grc' dir='ltr'><em>καθ’</em></span> <span class='ocrx_word' id='word_1_376' title='bbox 1559 2417 1703 2465; x_wconf 77' lang='grc' dir='ltr'><em>ἡμέραν</em></span> <span class='ocrx_word' id='word_1_377' title='bbox 1727 2428 1795 2453; x_wconf 93' lang='lat' dir='ltr'><em>om.</em></span> <span class='ocrx_word' id='word_1_378' title='bbox 1805 2419 1853 2482; x_wconf 93' lang='lat' dir='ltr'>A</span> 
     </span>
    </p>
   </div>
   <div class='ocr_carea' id='block_1_16' title="bbox 265 2468 1919 2851">
    <p class='ocr_par' dir='ltr' id='par_1_19' title="bbox 265 2468 1919 2851">
     <span class='ocr_line' id='line_1_43' title="bbox 266 2468 1919 2541; baseline -0.002 -29"><span class='ocrx_word' id='word_1_379' title='bbox 266 2477 487 2523; x_wconf 74' lang='grc' dir='ltr'><em>καθημέραν</em></span> <span class='ocrx_word' id='word_1_380' title='bbox 520 2476 857 2524; x_wconf 80' lang='grc' dir='ltr'><em>τραχηλιζομένους</em></span> <span class='ocrx_word' id='word_1_381' title='bbox 886 2480 930 2510; x_wconf 86' lang='lat' dir='ltr'><em>tr.</em></span> <span class='ocrx_word' id='word_1_382' title='bbox 958 2477 1044 2511; x_wconf 80' lang='lat' dir='ltr'>Suid</span> <span class='ocrx_word' id='word_1_383' title='bbox 1181 2473 1410 2541; x_wconf 83' lang='grc' dir='ltr'><em>οἰκτρότατα</em></span> <span class='ocrx_word' id='word_1_384' title='bbox 1434 2475 1553 2509; x_wconf 85' lang='lat' dir='ltr'>LSuid</span> <span class='ocrx_word' id='word_1_385' title='bbox 1670 2477 1706 2509; x_wconf 86' lang='lat'><em>11</em></span> <span class='ocrx_word' id='word_1_386' title='bbox 1743 2468 1814 2510; x_wconf 71' lang='grc' dir='ltr'><em>εἴτ’</em></span> <span class='ocrx_word' id='word_1_387' title='bbox 1841 2475 1919 2514; x_wconf 81' lang='grc' dir='ltr'><em>οὖν]</em></span> 
     </span>
     <span class='ocr_line' id='line_1_44' title="bbox 269 2525 1918 2577; baseline -0.002 -10"><span class='ocrx_word' id='word_1_388' title='bbox 269 2532 393 2568; x_wconf 85' lang='grc' dir='ltr'><em>εἰτοῦν</em></span> <span class='ocrx_word' id='word_1_389' title='bbox 423 2532 450 2565; x_wconf 88' lang='grc' dir='ltr'>Ρ</span> <span class='ocrx_word' id='word_1_390' title='bbox 481 2545 555 2568; x_wconf 87' lang='grc' dir='ltr'><em>ειτε</em></span> <span class='ocrx_word' id='word_1_391' title='bbox 591 2534 656 2569; x_wconf 80' lang='grc' dir='ltr'><em>οὑν</em></span> <span class='ocrx_word' id='word_1_392' title='bbox 688 2532 783 2566; x_wconf 79' lang='lat' dir='ltr'><em>VRC</em></span> <span class='ocrx_word' id='word_1_393' title='bbox 933 2528 1133 2577; x_wconf 65' lang='grc' dir='ltr'><em>τάσφαλές]</em></span> <span class='ocrx_word' id='word_1_394' title='bbox 1171 2528 1215 2566; x_wconf 84' lang='grc' dir='ltr'><em>τὸ</em></span> <span class='ocrx_word' id='word_1_395' title='bbox 1255 2527 1426 2576; x_wconf 76' lang='grc' dir='ltr'><em>οἷσφαλέσ</em></span> <span class='ocrx_word' id='word_1_396' title='bbox 1463 2530 1598 2565; x_wconf 84' lang='lat' dir='ltr'>MVRG</span> <span class='ocrx_word' id='word_1_397' title='bbox 1629 2527 1674 2565; x_wconf 80' lang='grc' dir='ltr'><em>τὰ</em></span> <span class='ocrx_word' id='word_1_398' title='bbox 1709 2525 1858 2575; x_wconf 82' lang='grc' dir='ltr'><em>ασφαλη</em></span> <span class='ocrx_word' id='word_1_399' title='bbox 1887 2529 1918 2563; x_wconf 87' lang='lat' dir='ltr'>L</span> 
     </span>
     <span class='ocr_line' id='line_1_45' title="bbox 266 2585 1918 2634; baseline -0.002 -13"><span class='ocrx_word' id='word_1_400' title='bbox 266 2587 426 2622; x_wconf 74' lang='lat' dir='ltr'><em>studiose</em></span> <span class='ocrx_word' id='word_1_401' title='bbox 450 2587 519 2622; x_wconf 84' lang='lat' dir='ltr'><em>Lat</em></span> <span class='ocrx_word' id='word_1_402' title='bbox 628 2590 666 2621; x_wconf 87' lang='grc'><em>12</em></span> <span class='ocrx_word' id='word_1_403' title='bbox 692 2601 766 2623; x_wconf 83' lang='grc' dir='ltr'><em>ειτε</em></span> <span class='ocrx_word' id='word_1_404' title='bbox 790 2607 834 2612; x_wconf 92' lang='grc'>-</span> <span class='ocrx_word' id='word_1_405' title='bbox 861 2591 900 2622; x_wconf 88' lang='grc'><em>13</em></span> <span class='ocrx_word' id='word_1_406' title='bbox 925 2585 1239 2634; x_wconf 75' lang='grc' dir='ltr'><em>κατορθώματος]</em></span> <span class='ocrx_word' id='word_1_407' title='bbox 1263 2587 1339 2621; x_wconf 78' lang='lat' dir='ltr'><em>siue</em></span> <span class='ocrx_word' id='word_1_408' title='bbox 1361 2586 1458 2630; x_wconf 75' lang='lat' dir='ltr'><em>facti</em></span> <span class='ocrx_word' id='word_1_409' title='bbox 1480 2585 1528 2620; x_wconf 80' lang='lat' dir='ltr'><em>ad</em></span> <span class='ocrx_word' id='word_1_410' title='bbox 1550 2585 1705 2630; x_wconf 69' lang='lat' dir='ltr'><em>ylom&#39;am</em></span> <span class='ocrx_word' id='word_1_411' title='bbox 1729 2585 1918 2619; x_wconf 75' lang='lat' dir='ltr'><em>clariorem</em></span> 
     </span>
     <span class='ocr_line' id='line_1_46' title="bbox 268 2639 1919 2687; baseline 0.001 -12"><span class='ocrx_word' id='word_1_412' title='bbox 268 2643 335 2676; x_wconf 79' lang='lat' dir='ltr'><em>Lat</em></span> <span class='ocrx_word' id='word_1_413' title='bbox 473 2646 511 2678; x_wconf 89' lang='lat'><em>13</em></span> <span class='ocrx_word' id='word_1_414' title='bbox 548 2646 603 2679; x_wconf 85' lang='grc' dir='ltr'><em>δεῖ</em></span> <span class='ocrx_word' id='word_1_415' title='bbox 637 2643 805 2677; x_wconf 84' lang='lat' dir='ltr'>MLVRC</span> <span class='ocrx_word' id='word_1_416' title='bbox 943 2640 1065 2678; x_wconf 82' lang='grc' dir='ltr'><em>οἷ’κοισ</em></span> <span class='ocrx_word' id='word_1_417' title='bbox 1094 2643 1127 2677; x_wconf 88' lang='lat' dir='ltr'><strong>V</strong></span> <span class='ocrx_word' id='word_1_418' title='bbox 1270 2639 1472 2687; x_wconf 70' lang='grc' dir='ltr'><em>ῥηθήσεται</em></span> <span class='ocrx_word' id='word_1_419' title='bbox 1502 2640 1631 2675; x_wconf 85' lang='lat' dir='ltr'>PAVR</span> <span class='ocrx_word' id='word_1_420' title='bbox 1770 2642 1810 2674; x_wconf 87' lang='grc'><em>14</em></span> <span class='ocrx_word' id='word_1_421' title='bbox 1844 2639 1919 2685; x_wconf 72' lang='grc' dir='ltr'><em>γάρ</em></span> 
     </span>
     <span class='ocr_line' id='line_1_47' title="bbox 265 2692 1918 2744; baseline -0.001 -12"><span class='ocrx_word' id='word_1_422' title='bbox 265 2708 334 2732; x_wconf 89' lang='lat' dir='ltr'><em>om.</em></span> <span class='ocrx_word' id='word_1_423' title='bbox 366 2698 445 2732; x_wconf 82' lang='lat' dir='ltr'><em>PA1</em></span> <span class='ocrx_word' id='word_1_424' title='bbox 593 2702 630 2733; x_wconf 87' lang='lat'><em>16</em></span> <span class='ocrx_word' id='word_1_425' title='bbox 661 2699 684 2733; x_wconf 84' lang='lat' dir='ltr'><em>i.</em></span> <span class='ocrx_word' id='word_1_426' title='bbox 716 2709 824 2743; x_wconf 83' lang='lat' dir='ltr'><strong>marg.</strong></span> <span class='ocrx_word' id='word_1_427' title='bbox 857 2698 914 2744; x_wconf 59' lang='grc' dir='ltr'><em>»ιβ’</em></span> <span class='ocrx_word' id='word_1_428' title='bbox 950 2698 975 2732; x_wconf 90' lang='lat' dir='ltr'>C</span> <span class='ocrx_word' id='word_1_429' title='bbox 1123 2700 1224 2743; x_wconf 80' lang='grc' dir='ltr'><em>γοῦν]</em></span> <span class='ocrx_word' id='word_1_430' title='bbox 1264 2697 1301 2733; x_wconf 82' lang='grc' dir='ltr'><em>δὲ</em></span> <span class='ocrx_word' id='word_1_431' title='bbox 1334 2696 1530 2730; x_wconf 85' lang='lat' dir='ltr'>PAMVRO</span> <span class='ocrx_word' id='word_1_432' title='bbox 1563 2706 1715 2740; x_wconf 76' lang='lat' dir='ltr'><em>namque</em></span> <span class='ocrx_word' id='word_1_433' title='bbox 1744 2694 1814 2730; x_wconf 84' lang='lat' dir='ltr'><em>Lat</em></span> <span class='ocrx_word' id='word_1_434' title='bbox 1843 2692 1918 2741; x_wconf 79' lang='grc' dir='ltr'><em>γὰρ</em></span> 
     </span>
     <span class='ocr_line' id='line_1_48' title="bbox 265 2748 1918 2800; baseline 0 -14"><span class='ocrx_word' id='word_1_435' title='bbox 265 2753 406 2787; x_wconf 84' lang='lat' dir='ltr'><strong>Bekker</strong></span> <span class='ocrx_word' id='word_1_436' title='bbox 526 2758 561 2787; x_wconf 87' lang='lat'><strong>17</strong></span> <span class='ocrx_word' id='word_1_437' title='bbox 595 2755 632 2790; x_wconf 79' lang='grc' dir='ltr'><em>δὲ</em></span> <span class='ocrx_word' id='word_1_438' title='bbox 662 2754 756 2789; x_wconf 84' lang='lat' dir='ltr'><em>VRC</em></span> <span class='ocrx_word' id='word_1_439' title='bbox 873 2757 912 2789; x_wconf 79' lang='lat'><em>18</em></span> <span class='ocrx_word' id='word_1_440' title='bbox 944 2756 1139 2800; x_wconf 81' lang='grc' dir='ltr'><em>φρουραῖς]</em></span> <span class='ocrx_word' id='word_1_441' title='bbox 1172 2754 1322 2798; x_wconf 80' lang='grc' dir='ltr'><em>φρουρᾱ</em></span> <span class='ocrx_word' id='word_1_442' title='bbox 1355 2752 1384 2785; x_wconf 93' lang='lat' dir='ltr'>L</span> <span class='ocrx_word' id='word_1_443' title='bbox 1500 2748 1655 2794; x_wconf 80' lang='grc' dir='ltr'><em>ἐξόδουσ</em></span> <span class='ocrx_word' id='word_1_444' title='bbox 1692 2750 1724 2786; x_wconf 91' lang='lat' dir='ltr'><strong>V</strong></span> <span class='ocrx_word' id='word_1_445' title='bbox 1836 2749 1918 2791; x_wconf 85' lang='grc' dir='ltr'><em>τὸν]</em></span> 
     </span>
     <span class='ocr_line' id='line_1_49' title="bbox 265 2801 1827 2851; baseline -0.002 -7"><span class='ocrx_word' id='word_1_446' title='bbox 265 2811 340 2844; x_wconf 79' lang='grc' dir='ltr'><em>τῶν</em></span> <span class='ocrx_word' id='word_1_447' title='bbox 366 2809 391 2842; x_wconf 92' lang='lat' dir='ltr'>C</span> <span class='ocrx_word' id='word_1_448' title='bbox 486 2804 654 2846; x_wconf 80' lang='grc' dir='ltr'><em>ὀποσοῦν</em></span> <span class='ocrx_word' id='word_1_449' title='bbox 681 2810 706 2843; x_wconf 87' lang='lat' dir='ltr'>C</span> <span class='ocrx_word' id='word_1_450' title='bbox 824 2812 861 2844; x_wconf 88' lang='grc'><em>19</em></span> <span class='ocrx_word' id='word_1_451' title='bbox 887 2808 927 2845; x_wconf 77' lang='grc' dir='ltr'><em>ἐν</em></span> <span class='ocrx_word' id='word_1_452' title='bbox 952 2807 1082 2851; x_wconf 79' lang='grc' dir='ltr'><em>αὐταῖς</em></span> <span class='ocrx_word' id='word_1_453' title='bbox 1106 2819 1173 2844; x_wconf 92' lang='lat' dir='ltr'><em>om.</em></span> <span class='ocrx_word' id='word_1_454' title='bbox 1199 2807 1293 2844; x_wconf 86' lang='lat' dir='ltr'><em>VRO</em></span> <span class='ocrx_word' id='word_1_455' title='bbox 1409 2803 1582 2847; x_wconf 80' lang='grc' dir='ltr'><em>α’πιόντα]</em></span> <span class='ocrx_word' id='word_1_456' title='bbox 1608 2801 1776 2842; x_wconf 81' lang='grc' dir='ltr'><em>οἷπιόντω</em></span> <span class='ocrx_word' id='word_1_457' title='bbox 1801 2805 1827 2840; x_wconf 86' lang='lat' dir='ltr'>C</span> 
     </span>
    </p>
   </div>
   <div class='ocr_carea' id='block_1_17' title="bbox 265 2862 584 2910">
    <p class='ocr_par' dir='ltr' id='par_1_20' title="bbox 265 2862 584 2910">
     <span class='ocr_line' id='line_1_50' title="bbox 265 2862 584 2910; baseline 0.006 -12"><span class='ocrx_word' id='word_1_458' title='bbox 265 2867 307 2899; x_wconf 82' lang='lat'><em>20</em></span> <span class='ocrx_word' id='word_1_459' title='bbox 333 2862 371 2900; x_wconf 71' lang='grc' dir='ltr'><em>ε’·</em></span> <span class='ocrx_word' id='word_1_460' title='bbox 385 2866 532 2910; x_wconf 75' lang='grc' dir='ltr'><em>ξηφίεῖο</em></span> <span class='ocrx_word' id='word_1_461' title='bbox 559 2865 584 2899; x_wconf 82' lang='lat' dir='ltr'>C</span> 
     </span>
    </p>
   </div>
  </div>
 </body>
</html>
