1987 3246
185 236 253 270 XX
914 219 1105 254 PraefatIO.

188 343 494 391 Mediolanensi
528 340 722 382 tribuitur
740 337 780 384 ¹).
839 333 953 388 quod
983 346 1066 374 non
1086 335 1198 373 recte
1220 329 1328 372 tradi
1350 326 1700 377 Ambrosiumque
1723 321 1846 364 huius

190 412 395 457 uersionis
457 412 673 450 auctorem
731 402 879 444 haberi
925 413 1009 442 non
1056 410 1181 452 posse
1227 397 1514 437 demonstrare
1567 394 1740 434 conatus
1785 391 1849 430 est

191 478 432 522 Fridericus
462 474 597 527 Vogel
611 475 654 522 2).
718 469 793 513 sed
834 465 1089 522 argumentis
1128 464 1254 505 utitur
1290 474 1437 515 parum
1473 459 1603 501 firmis
1634 457 1848 509 satiusque

192 548 270 589 erit
305 543 471 585 interim
510 540 708 583 traditam
750 535 996 579 memoriam
1035 532 1227 574 retinere.
1307 532 1491 570 ceterum
1530 530 1673 567 nostra
1711 523 1848 564 minus

193 615 386 658 interest,
432 623 458 651 a
504 621 586 662 quo
626 604 831 658 Iosephus
878 602 921 643 in
969 600 1147 641 latinum
1201 607 1426 639 conuersus
1474 593 1548 645 sit,
1597 604 1722 644 quam
1769 601 1852 641 qua

192 680 355 722 ratione
386 688 524 730 quaue
553 674 650 726 fide,
682 672 736 713 de
767 683 851 724 qua
880 668 989 709 infra
1019 666 1192 708 dicetur.
1247 662 1415 705 codices
1442 658 1678 712 Hegesippi
1709 658 1855 698 extant

196 746 309 789 haud
330 744 477 798 pauci3
507 755 605 784 nam
633 752 761 792 saepe
794 751 888 779 cum
919 732 1239 787 antiquitatibus
1259 728 1443 771 Iudaicis
1474 727 1516 768 in
1546 738 1673 767 unum
1704 733 1855 775 corpus

197 814 440 857 coniunctus
472 813 546 852 est.
596 808 731 850 solum
761 803 1052 856 Hegesippum
1084 798 1286 842 exhibent
1315 796 1398 838 duo
1429 794 1525 835 libri
1557 793 1765 833 uetustate
1794 788 1854 828 in-

197 882 352 933 signes,
383 877 518 920 codex
540 873 841 917 Ambrosianus
857 873 886 919 2⁵)
919 869 950 911 O
977 871 1052 907 105
1084 866 1216 918 infer„
1249 863 1366 906 cuius
1396 873 1494 915 pars
1525 857 1736 912 antiquior
1766 867 1856 896 sae—

200 948 283 990 culi
311 951 375 988 est
401 944 490 987 fere
510 941 602 995 VII,
633 939 840 982 recentior
865 935 977 988 VIII,
1010 939 1052 976 et
1080 932 1331 975 Casselanus
1363 927 1463 970 olim
1493 923 1716 967 Fuldensis
1748 934 1856 963 saec.

200 1013 298 1055 VIII
327 1018 399 1054 aut
419 1011 482 1052 IX
511 1010 703 1062 scriptus,
735 1018 817 1058 quo
844 1017 942 1045 usus
973 1008 1037 1044 est
1057 996 1322 1050 Weberus4).
1363 993 1686 1037 Ambrosianum
1708 989 1861 1030 librum

200 1081 370 1123 Niesius
402 1077 577 1120 contulit
606 1076 720 1117 iussu
751 1071 994 1114 academiae
1025 1064 1374 1110 Vindobonensis.

314 1147 487 1188 Praeter
507 1141 776 1185 Ambrosium
799 1139 937 1180 extitit
957 1137 1065 1178 alius
1088 1135 1291 1186 interpres
1322 1131 1411 1171 fere
1436 1126 1640 1180 aequalis,
1675 1124 1746 1177 qui
1769 1122 1861 1176 quis

203 1214 330 1258 fuerit
358 1225 441 1254 non
470 1210 604 1263 magis
625 1212 783 1251 certum
814 1210 888 1247 est.
935 1204 1073 1245 uersio
1105 1206 1245 1242 tamen
1267 1211 1393 1251 quam
1415 1195 1516 1237 fecit
1546 1190 1754 1234 eiusmodi
1786 1195 1860 1241 est,

206 1286 252 1324 ut
280 1278 480 1332 Iosephus
510 1276 659 1316 tatinus
689 1278 801 1316 recte
841 1272 925 1313 dici
955 1270 1112 1324 possit,
1153 1280 1246 1309 cum
1286 1268 1418 1306 totum
1457 1261 1614 1302 bellum
1645 1257 1863 1299 Iudaicum

212 1347 414 1390 exhibeat
443 1347 637 1386 accurate
669 1345 709 1383 et
739 1353 832 1382 cum
862 1338 945 1379 fide
978 1338 1020 1378 in
1050 1336 1225 1377 latinum
1248 1330 1506 1373 translatum.
1557 1326 1697 1368 extitit
1727 1326 1865 1365 aetate

211 1412 474 1464 Cassiodori,
511 1410 581 1464 qui
613 1422 706 1450 eam
737 1407 841 1448 dicit
857 1407 887 1455 5)
919 1405 972 1446 ab
1003 1403 1099 1445 aliis
1130 1402 1388 1451 Hieronymo
1420 1395 1473 1436 ab
1504 1394 1599 1435 aliis
1629 1390 1867 1442 Ambrosio,

211 1483 264 1524 ab
301 1481 397 1522 aliis
428 1477 577 1521 Rufino
617 1475 792 1526 ascribi;
834 1477 874 1514 et
913 1472 1109 1525 quoniam
1148 1479 1284 1519 neque
1315 1464 1573 1514 Hieronymo
1604 1470 1740 1511 neque
1771 1457 1867 1498 Am-

214 1547 352 1590 brosio
383 1544 511 1588 tribui
548 1547 707 1597 potest,
748 1540 875 1582 hodie
913 1539 1159 1593 plerumque
1190 1532 1330 1574 Rufini
1369 1530 1538 1571 nomine
1578 1530 1758 1567 ornatur.
1821 1536 1871 1564 ea

213 1616 340 1669 igitur
377 1613 433 1654 ad
473 1611 549 1654 hos
579 1611 708 1651 libros
741 1605 1021 1649 recensendos
1054 1602 1197 1655 magni
1230 1604 1292 1641 est
1321 1596 1532 1639 momenti.
1583 1594 1695 1634 facta
1725 1596 1789 1633 est
1818 1591 1871 1632 ab

214 1683 385 1724 homine
422 1680 524 1721 artis
562 1677 691 1719 latine
728 1673 930 1727 loquendi
972 1672 1106 1724 perito
1149 1672 1190 1709 et
1232 1667 1285 1708 ab
1330 1667 1542 1706 oratorum
1577 1659 1727 1702 studiis
1759 1656 1874 1699 haud

218 1750 371 1791 alieno.
437 1759 504 1788 ars
539 1758 589 1786 ea
619 1747 693 1796 est,
726 1754 833 1794 quae
865 1740 1014 1781 deceat
1044 1735 1265 1789 aequalem
1297 1730 1510 1773 Ambrosii
1541 1732 1582 1770 et
1611 1725 1873 1778 Hieronymi,

220 1817 430 1869 longeque
478 1814 665 1866 praestat
707 1808 927 1851 barbariae
979 1806 1088 1857 eius,
1140 1802 1212 1856 qui
1260 1804 1410 1854 postea
1446 1793 1688 1839 Cassiodori
1736 1796 1876 1834 aetate

224 1882 496 1936 antiquitates
535 1877 730 1919 Iudaicas
779 1873 1001 1915 transtulit.
1075 1868 1245 1922 Iosephi
1290 1866 1411 1908 latini
1459 1863 1627 1906 codices
1668 1858 1876 1902 innumeri

225 1953 320 1992 sunt
348 1961 427 1990 nec
465 1958 540 2000 per
577 1943 763 1986 medium
801 1954 953 1982 aeuum
984 1939 1071 1980 fere
1109 1937 1196 1978 ulla
1235 1931 1492 1976 bibliotheca
1530 1929 1660 1970 fuisse
1698 1925 1878 1977 uidetur,

222 2018 267 2058 in
321 2028 405 2068 qua
460 2026 543 2055 non
596 2010 734 2052 fuerit.
821 2021 897 2049 nos
953 2005 1177 2047 habuimus
1223 2004 1391 2055 praeter
1445 1997 1650 2039 editiones
1701 1993 1880 2048 primum

227 2083 420 2126 codicem
474 2078 710 2118 Postremum
763 2074 832 2116 lot.
881 2086 970 2114 nro.
1016 2069 1128 2110 1992
1171 2069 1355 2110 omnium
1399 2066 1487 2106 fere
1531 2060 1880 2114 antiquissimum,

228 2149 397 2192 saeculo
445 2159 554 2188 nono
600 2146 839 2194 exaratum,
884 2141 950 2182 cui
995 2137 1233 2180 inscribitur
1276 2132 1544 2173 historiarum
1584 2125 1754 2180 Iosepltt'
1786 2124 1885 2164 libri

228 2228 397 2256 numero
436 2211 527 2252 VH
550 2210 653 2250 liber
681 2209 845 2263 primus
881 2206 1026 2259 incipit
1051 2203 1257 2256 sollerter.
1318 2199 1428 2240 hunc
1468 2195 1641 2238 contulit
1667 2195 1881 2245 Augustus

343 2351 373 2387 1)
408 2344 618 2380 Ambrosius
648 2341 839 2386 episcopus
873 2337 917 2372 de
947 2346 1079 2382 (sraeco
1113 2330 1297 2369 transtulit
1328 2329 1365 2362 in
1399 2328 1547 2362 latinum
1577 2328 1660 2360 ante
1689 2325 1818 2358 librum
1849 2323 1884 2356 II

228 2406 326 2438 extat
356 2403 393 2437 in
424 2400 546 2435 codice
574 2395 822 2432 Ambrosiano.
875 2395 910 2428 in
942 2392 1064 2428 codiee
1096 2386 1336 2423 Laurentiano
1375 2384 1463 2428 plut.
1491 2385 1577 2424 66,1
1606 2390 1700 2415 saec.
1726 2379 1794 2421 XI,
1821 2379 1881 2423 qui

231 2459 467 2503 Neapolitano
499 2453 685 2499 persimilis
719 2454 790 2494 est,
825 2448 1113 2486 subscribuntur:
1150 2442 1302 2488 explicit
1332 2440 1420 2475 liber
1449 2437 1694 2483 hystoriarum
1725 2435 1890 2479 eqesippz'

231 2511 530 2550 ltierusolz'mt'tanz'
553 2508 675 2544 excidi
699 2519 721 2541 α
738 2507 840 2542 beato
858 2504 1035 2540 ambrosio
1060 2501 1103 2535 cle
1126 2510 1233 2545 qreco
1257 2506 1419 2531 sermone
1442 2495 1479 2528 in
1505 2493 1653 2528 latinum
1673 2489 1887 2526 translatum

232 2571 407 2605 decenter.
578 2568 611 2608 2)
641 2565 682 2598 de
712 2561 913 2606 Hegesippo
946 2560 1004 2604 qui
1036 2556 1165 2592 dicitur
1189 2551 1329 2596 Iosephi
1353 2551 1556 2594 interprete.
1603 2548 1742 2582 dissert.
1768 2545 1886 2587 inaug.

234 2626 413 2669 Erlangen
441 2625 537 2657 1880.
586 2621 632 2655 cf.
657 2617 801 2654 Weberi
833 2614 1072 2658 Hegesippum
1096 2623 1130 2655 p.
1165 2612 1240 2644 389.
1381 2608 1413 2646 3)
1446 2605 1527 2639 uide
1562 2600 1890 2637 Reifferscheidium

235 2677 565 2725 Siczunqsbericlzte
589 2676 653 2711 der
675 2673 711 2709 lc.
737 2671 928 2707 Alcademz'e
951 2680 998 2703 zu
1032 2666 1135 2701 IVz'en
1160 2668 1201 2699 67
1227 2666 1340 2705 (1871)
1355 2673 1390 2705 p.
1408 2663 1484 2694 473.
1611 2662 1643 2700 4)
1667 2657 1889 2700 Hegesippus

235 2737 278 2771 de
308 2736 399 2770 bello
431 2733 575 2768 ludaico
600 2731 654 2766 ed.
681 2729 719 2764 C.
740 2729 783 2763 F.
804 2727 947 2762 Weber.
987 2721 1172 2764 Marburgi
1197 2722 1293 2754 1861.
1327 2728 1363 2761 p.
1388 2720 1465 2751 401.
1595 2717 1627 2756 5)
1661 2713 1703 2748 de
1733 2712 1885 2747 institut.

239 2792 348 2827 diuin.
374 2791 441 2825 litt.
470 2792 527 2832 173
563 2787 645 2821 uide
674 2783 817 2827 Iosephi
841 2782 911 2817 uol.
937 2781 954 2814 I
978 2779 1089 2824 praef.
1115 2788 1149 2821 p.
1176 2774 1331 2817 XXVII3
1367 2783 1449 2807 nam
1474 2770 1721 2806 Cassiodorum
1751 2777 1825 2802 non
1849 2766 1892 2800 de

239 2846 437 2890 Hegesippo
468 2843 582 2887 loqui,
614 2841 675 2877 sed
699 2841 742 2874 de
773 2838 935 2874 uersione
959 2846 1015 2876 ea,
1047 2835 1090 2869 de
1115 2843 1184 2877 qua
1207 2841 1303 2866 nunc
1327 2829 1481 2872 agimus,
1510 2826 1590 2861 inde
1614 2828 1773 2870 apparet,
1799 2822 1894 2866 quod

238 2902 382 2946 Iosephi
413 2899 596 2934 historiam
624 2898 661 2931 in
691 2899 824 2940 septem
849 2894 958 2928 libros
991 2890 1140 2925 diuisam
1164 2898 1242 2923 esse
1265 2887 1336 2929 ait3
1367 2883 1588 2927 Hegesippus
1619 2881 1710 2916 enim
1740 2879 1895 2924 quinque

238 2958 349 2993 libros
374 2954 538 2991 confecit.
