2018 3236
108 520 189 558 419

107 653 188 691 420

110 787 185 826 421

110 1269 192 1308 422

222 202 301 238 232
625 199 692 233 DE
715 187 876 232 BELLO
899 197 994 232 IUD.
1019 197 1053 230 11
1076 199 1255 232 418—424
1279 198 1363 239 (xvu
1391 205 1416 231 4.
1445 199 1474 239 5)

220 313 422 392 πρώτους
445 307 601 359 αἰτους
623 306 890 366 ἀφιξόμενον
913 306 1157 352 ἆπεσκευά
1140 309 1259 361 Ϊοντο
1280 308 1360 359 τὰς
1383 308 1540 360 αἰτίας,
1571 309 1643 350 καὶ
1665 308 1870 363 πρέσβεις

221 379 294 429 οῖς
318 379 398 433 μὲν
428 378 540 432 πρὸς
565 379 747 431 Φλῶρον
778 376 992 430 ἔπεμπον,
1025 372 1085 419 ιῧν
1114 393 1239 433 ηρχεν
1271 376 1364 426 υἱὸς
1382 375 1584 418 Ἀνανίου
1606 379 1766 428 Σίμων,
1799 375 1870 425 οἷς

221 447 266 488 δὲ
297 462 410 500 προς
447 449 701 500 Αγρίππαν,
734 443 778 486 ἐν
809 444 874 494 οἷς
902 442 1014 502 ἦσαν
1046 443 1078 485 3
1075 447 1258 499 τίσημοι
1288 442 1455 493 Σαῦλός
1484 459 1531 485 τε
1560 445 1632 486 καὶ
1659 438 1870 491 Ἀντίπας

220 514 291 555 καὶ
323 508 607 566 Κοστόβαρος
645 527 938 567 προσηκοντες
977 513 1039 552 τῶ
1076 511 1251 565 βασιλεῖ
1279 509 1389 552 κατὰ
1419 512 1554 564 γένος.
1622 509 1792 553 ἐδέοντο
1823 509 1870 552 δὲ

222 576 485 636 ἀμφοτέρων
503 575 719 633 ἀναβῆναι
735 579 844 633 μετὰ
866 579 1089 633 δυνάμεως
1111 578 1172 628 εἰς
1192 577 1268 634 τὴν
1290 577 1423 619 πόλιν
1443 578 1514 619 καὶ
1536 579 1642 631 πρὶν
1663 580 1873 632 γενέσθαι

221 648 571 700 (δυσκαθαίρετον
624 645 840 728 ἐπικόψαι
895 645 973 703 τὴν
1026 645 1194 688 στάσιν.
1273 644 1442 701 Φλώρω
1486 645 1565 699 μὲν
1611 635 1684 687 οὖν
1731 643 1871 687 δεινὸν

220 710 468 770 εὐαγγέλιον
497 712 571 771 ἠν,
602 715 673 756 καὶ
705 717 1008 770 προῃρημένος
1040 713 1244 764 ἐξάπτειν
1274 729 1351 755 τον
1381 712 1574 765 πόλεμον
1607 707 1731 754 οἰδὲν
1763 706 1872 753 άπε-

220 786 397 836 κρίνατο
432 790 527 831 τοῖς
556 785 867 835 πρεσβευταῖς·
902 779 1154 837 Ἀγρίππας
1183 780 1229 822 δὲ
1259 779 1494 836 κηδόμενος
1525 778 1682 834 ἐπίσης
1711 781 1796 821 τῶν
1825 794 1873 820 τε

219 844 534 904 ἀφισταμένων
555 851 627 891 καὶ
650 848 763 902 πρὸς
794 848 867 898 οἳς
899 846 920 891 ὁ
954 848 1149 902 πόλεμος
1178 849 1386 903 ἠγείρετο,
1416 846 1680 900 βουλόμενός
1710 862 1757 888 τε
1773 843 1874 888 Ῥω-

218 919 370 969 μαίοις
389 916 468 970 μὲν
482 911 718 966 Ἰουδαίους
740 915 977 967 σώζεσθαι,
996 911 1223 964 Ἰουδαίοις
1245 914 1291 956 δὲ
1311 913 1359 956 τὸ
1386 912 1502 967 ἱερὸν
1522 915 1592 956 καὶ
1615 912 1692 969 τὴν
1713 913 1874 970 μητρό-

220 984 373 1035 πολιν,
422 979 520 1024 άλλ)
567 979 661 1025 οὐδ’
705 982 846 1038 ἑαυτῷ
887 982 1184 1040 λυσιτελήσειν
1222 981 1299 1039 τὴν
1337 980 1526 1037 ταραχὴν
1568 979 1872 1034 ἐπιστάμενος,

219 1050 417 1104 ἔπεμπεν
437 1049 538 1100 τούς
561 1050 890 1104 ἐπαμυνοῦντας
910 1053 973 1106 τῷ
996 1050 1118 1108 δήμῳ
1147 1050 1385 1103 δισχιλίους
1418 1048 1585 1099 ἱππεῖς,
1616 1044 1875 1101 Αίρανίτας

218 1134 265 1160 τε
284 1120 357 1161 καὶ
379 1121 655 1168 Βαταναίους
676 1120 747 1160 καὶ
775 1122 1066 1172 Τραχωνίτας,
1089 1115 1176 1160 ὑπὸ
1200 1120 1377 1172 Δαρείῳ
1398 1116 1477 1170 μὲν
1501 1115 1715 1171 ἱππάρχῃ,
1743 1130 1876 1169 στρα-

219 1187 336 1241 τηγῷ
367 1185 413 1227 δὲ
443 1187 506 1240 τῷ
533 1181 721 1239 Ἰακίμου
757 1187 991 1240 Φιλίππῳ.

339 1267 376 1305 5.
421 1262 604 1313 Τούτοις
642 1262 950 1344 θαρσήσαντες
989 1263 1032 1305 οἱ
1063 1262 1239 1305 δυνατοὶ
1272 1261 1349 1304 σὺν
1380 1271 1473 1312 τοῖς
1504 1257 1775 1317 ἀρχιερεῦσιν
1805 1262 1878 1303 καὶ

227 1332 318 1372 πᾶν
358 1325 462 1372 όσον
502 1333 579 1372 τοῦ
619 1331 823 1388 πλήθους
854 1347 1025 1386 ειρηνην
1055 1325 1206 1386 ἠγάπα
1235 1328 1312 1383 τὴν
1344 1325 1434 1371 ἅνω
1465 1328 1878 1383 καταλαμβάνονται

114 1403 195 1443 423
228 1398 383 1440 πόλιν
414 1400 491 1455 τῆς
511 1397 629 1440 κάτω
651 1399 732 1453 γὰρ
754 1397 802 1439 τὸ
828 1397 1062 1448 στασιάζον
1084 1396 1252 1451 ἐκράτει
1276 1397 1349 1438 καὶ
1379 1398 1457 1438 τοῦ
1490 1396 1621 1450 ιεροῦ.
1666 1395 1879 1450 χερμάσιν

112 1673 194 1711 424

222 1466 303 1520 μὲν
326 1483 401 1508 ουν
422 1467 491 1508 καὶ
514 1474 608 1515 τοῖς
629 1464 855 1521 ἑκηβόλοις
887 1460 1073 1507 άδιαλεί
1066 1480 1187 1513 ττως
1218 1462 1415 1516 ἐχρῶντο,
1446 1480 1518 1505 και
1551 1472 1738 1516 συνεχεῖς
1768 1461 1878 1517 ἦσαν

222 1535 364 1587 βελιῦν
405 1529 588 1589 αφέσεις
622 1531 670 1582 ἐξ
697 1532 909 1586 ἑκατέρων
940 1534 1026 1573 τῶν
1057 1532 1297 1585 κλιμάτων·
1338 1529 1455 1572 ἐστιν
1489 1525 1525 1571 δ
1564 1528 1638 1572 ὅτε
1666 1532 1737 1572 καὶ
1768 1528 1878 1572 κατὰ

226 1600 379 1654 λόχους
411 1599 676 1679 ἐκτρέχοντες
708 1600 926 1657 συστάδην
958 1598 1181 1653 ἐμάχοντο,
1218 1598 1402 1675 τόλμαις
1432 1596 1510 1650 μὲν
1542 1597 1584 1639 οἱ
1616 1597 1880 1639 στασιασταὶ

226 1683 501 1722 προεχοντες,
534 1666 742 1722 ἐμπειρία
762 1667 808 1708 δὲ
830 1667 873 1708 οἱ
892 1668 1129 1720 βασιλικοί.
1179 1682 1248 1707 και
1272 1664 1446 1714 τούτοις
1465 1665 1545 1742 μὲν
1574 1662 1625 1719 ἦν
1657 1659 1772 1719 αγών
1801 1665 1879 1706 τοῦ

226 1735 345 1789 ἱεροῦ
364 1735 575 1790 κρατῆσαι
599 1733 791 1787 μάλιστα
812 1736 884 1776 καὶ
905 1732 1007 1782 τοὺς
1029 1736 1286 1786 μιαίνοντας
1306 1731 1381 1773 τὸν
1403 1730 1508 1774 ναὸν
1540 1730 1754 1782 ἐξελάσαι,
1786 1740 1879 1780 τοῖς

226 1801 273 1843 δὲ
312 1803 416 1856 περὶ
454 1799 530 1844 τὸν
557 1796 809 1855 Ἐλεάζαρον
851 1809 1139 1848 στασιασταῖς
1179 1798 1290 1853 πρὸς
1328 1798 1393 1848 οἷς
1424 1798 1548 1851 ἐ’σχον
1578 1800 1649 1841 καὶ
1680 1798 1757 1854 τὴν
1788 1795 1879 1839 ἄνω

339 2024 565 2059 PAMLVRC
578 2023 877 2068 LatHegesippus
900 2023 935 2057 ΙΙ
962 2026 1001 2058 10
1026 2034 1061 2067 p.
1090 2025 1162 2058 148.

341 2096 354 2127 1
378 2086 682 2135 α’πεσκεύαζονΑ
752 2093 771 2124 2
787 2088 962 2136 ἔπεμψαν
973 2090 1068 2124 VRC
1138 2086 1316 2130 Ἀνανίου]
1334 2087 1485 2124 ἐνναίου
1501 2088 1530 2121 L
1549 2088 1628 2122 fort.
1647 2090 1743 2122 recte
1764 2087 1884 2123 ellenee'

225 2149 313 2192 Lat3
347 2148 392 2183 cf.
426 2158 461 2191 p.
487 2149 564 2189 256,
593 2150 629 2181 17
702 2149 721 2181 3
755 2143 815 2182 οἶσ
839 2148 902 2182 καὶ
925 2140 1021 2190 ἦσαν
1043 2145 1076 2180 R
1145 2143 1306 2186 Σαῦλός]
1331 2144 1399 2179 ΜΟ
1424 2146 1460 2178 et
1482 2144 1505 2178 i.
1529 2154 1637 2187 marg.
1663 2143 1696 2177 V
1719 2141 1881 2179 σκύλλὸσ

226 2205 337 2239 PAL¹
361 2200 526 2240 σαῦλλόσ
544 2203 590 2237 L2
615 2200 756 2239 σκῦλόο·
772 2203 805 2238 V
830 2200 971 2238 σκύλόσ
994 2201 1027 2235 R
1051 2206 1087 2235 et
1110 2200 1133 2235 i.
1158 2210 1267 2244 marg.
1294 2201 1332 2234 M
1356 2199 1477 2245 scylus
1500 2201 1564 2234 aut
1588 2200 1690 2245 cylus
1713 2198 1880 2244 LatHeg3

226 2258 402 2302 Σάουλος
429 2259 524 2294 infra
557 2260 577 2300 ξ
609 2261 673 2292 556
704 2260 740 2293 et
769 2259 852 2294 Ant.
880 2258 954 2294 Iud.
980 2256 1048 2292 XX
1073 2259 1154 2297 214,
1186 2256 1247 2290 ubi
1278 2256 1438 2290 meliores
1468 2257 1576 2290 testes
1603 2257 1777 2297 Σαλοῦος
1806 2259 1880 2289 tra-

225 2317 314 2350 dunt
416 2318 437 2349 4
467 2312 726 2361 κωστόβαροσ
750 2313 848 2350 LVR
952 2316 969 2346 5
1002 2309 1274 2357 α’μφοτετὲρων
1298 2312 1324 2346 C
1430 2314 1448 2343 6
1475 2309 1610 2353 δεινὸν]
1636 2307 1681 2347 τὸ
1705 2308 1830 2348 δεινὸν
1853 2311 1880 2346 C

224 2374 340 2408 τοῦτο
366 2368 489 2407 δεινὸν
513 2370 618 2404 MVR
642 2370 774 2405 malum
806 2368 904 2404 istud
934 2369 1040 2414 quasi
1064 2368 1134 2402 Lat
1164 2364 1286 2403 δεινὸν
1309 2365 1430 2403 ἐκεῖνο
1456 2367 1629 2401 Destinon
1744 2371 1761 2401 7
1788 2379 1880 2413 προ-

225 2427 423 2474 ειρημένοσ
454 2426 502 2461 V¹
598 2422 681 2463 οὐδὲ
711 2427 740 2460 L
834 2428 852 2460 8
884 2421 951 2461 ἐπ’
984 2422 1068 2470 ἴσησ
1099 2423 1161 2458 AC
1193 2417 1257 2468 ἐφ’
1290 2421 1374 2468 ἴσησ
1401 2422 1433 2457 R
1525 2425 1544 2456 9
1577 2435 1618 2458 τε
1651 2433 1718 2457 om.
1742 2422 1789 2457 L¹

227 2486 264 2516 11
287 2477 370 2518 οὐδὲ
391 2477 494 2518 αὐτῶ
510 2482 702 2517 PALVRC
795 2478 974 2526 ταραχὴν]
999 2493 1040 2516 τε
1066 2475 1184 2526 ἀρχὴν
1199 2479 1232 2513 R
1255 2491 1298 2524 γε
1323 2475 1441 2524 ἀρχὴν
1465 2478 1487 2513 i.
1512 2488 1622 2521 marg.
1648 2489 1693 2512 m.
1721 2481 1739 2513 2
1758 2479 1790 2513 V

229 2541 269 2572 12
293 2536 588 2582 ἐπαμυνοῦντας]
607 2538 636 2571 L
661 2535 928 2582 ἐπαμύνοντασ
948 2535 1145 2571 PAMVRC
1226 2535 1435 2580 δισχιλίους]
1460 2533 1627 2568 PALLat
1650 2535 1880 2580 τρισχιλίουσ

226 2592 439 2637 MVROHeg
531 2591 724 2640 αὕραντάσ
747 2594 814 2628 VR
907 2595 946 2627 13
975 2594 1039 2628 καὶ
1070 2591 1309 2638 τραχωνίτασ
1338 2591 1400 2625 καὶ
1431 2590 1668 2633 βαταναίουσ
1691 2594 1736 2624 tr.
1762 2589 1789 2624 P

226 2648 344 2696 ὃαρίω
368 2649 398 2683 V
515 2646 692 2695 ὶππάρχω
717 2649 860 2684 L¹VRC
978 2651 1019 2682 14
1050 2645 1202 2691 ἰᾰκίμου
1226 2647 1256 2679 Α
1281 2647 1434 2689 ιακίμου
1456 2644 1486 2679 L
1511 2644 1693 2688 ἷωακι’μου
1717 2644 1743 2678 O
1769 2643 1879 2679 iachi-

226 2715 304 2739 mus
325 2705 394 2739 Lat
510 2708 549 2739 15
575 2702 725 2746 τούτοις
747 2702 1022 2750 θαρσήσαντες]
1047 2703 1102 2737 his
1125 2713 1212 2748 erqo
1238 2701 1460 2736 uenientibus
1484 2701 1553 2735 Lat
1665 2698 1879 2746 θαρρήσαν-

227 2772 294 2796 τεσ
310 2760 342 2794 V
434 2764 473 2795 17
508 2763 577 2806 τῆσ
600 2759 674 2807 γὰρ
697 2758 802 2797 κάτω
828 2765 871 2795 tr.
897 2761 936 2795 M
1027 2758 1209 2805 χὲρμασιν
1232 2757 1311 2791 A¹L
1406 2759 1446 2792 18
1469 2753 1672 2802 ἐκηβόλοισ
1696 2755 1788 2790 PAL

229 2812 469 2861 α’διαλήπτωσ
487 2817 519 2849 Α
543 2813 780 2852 οἷδιαλίπτωσ
803 2816 851 2851 R¹
980 2814 1180 2860 ἐκέχρηντο
1206 2812 1300 2848 VRG
1433 2814 1472 2846 19
1498 2811 1535 2847 δὲ
1559 2811 1653 2846 VRC
1782 2807 1878 2848 κατὰ

228 2869 378 2917 λόχους]
404 2882 454 2906 eoe
478 2871 617 2905 insidiis
641 2871 711 2905 Lat
848 2874 886 2906 21
915 2870 1173 2917 προσέχοντεσ
1196 2869 1228 2902 V
1365 2870 1407 2902 22
1431 2864 1484 2912 μά
1501 2885 1510 2892 ·
1527 2869 1650 2909 λιστα,
1684 2877 1775 2901 eras.
1800 2867 1874 2901 uid.

227 2931 248 2962 λ
274 2927 302 2960 L
416 2927 616 2971 μιαίνοντα
640 2926 672 2960 V
787 2928 828 2959 23
855 2923 957 2971 εἶχον
980 2925 1105 2959 LVRC

1905 923 1943 956 10

1909 1265 1944 1297 15

1909 1602 1948 1634 20
