2018 3236
190 500 213 537 ss

195 835 217 874 (χ)

197 1037 220 1075 9

171 1105 218 1143 10

175 1241 218 1278 11

177 1373 226 1411 12

178 1576 226 1615 13

183 1912 231 1950 14

243 181 322 218 514
696 170 761 205 DE
786 166 945 202 BELLO
969 164 1068 200 IUD.
1093 163 1142 197 VI
1167 163 1279 195 5-14
1303 164 1326 202 (1
1356 166 1382 191 1.
1410 161 1441 200 2)

242 297 385 336 καίτοι
424 286 568 330 πολλὰ
608 284 709 337 περὶ
740 280 817 338 τὴν
847 281 923 336 τῆς
953 273 1057 333 ὕλης
1098 271 1357 330 συγκομιδὴν
1395 266 1808 323 ταλαιπωρούμενοι
1838 264 1889 306 τά

239 359 422 414 χώματα
445 353 665 409 διήγειραν
686 351 767 405 μιᾷ
788 348 861 389 καὶ
883 345 1046 387 εἴκοσιν
1071 340 1263 399 ἡμέραις,
1284 343 1515 392 κείραντες,
1539 333 1598 385 ὡς
1620 337 1892 389 προείρηται,

246 427 320 481 τὴν
352 424 451 478 περὶ
485 420 532 463 τὸ
568 416 676 461 ἄστυ
705 416 849 470 χώραν
881 408 954 455 ἐπ’
986 410 1238 467 ἐνενήκοντα
1269 406 1475 454 σταδίους
1497 403 1540 445 ἐν
1561 402 1698 457 κύκλῳ
1730 402 1892 442 πᾶσαν.

245 484 294 549 ἦν
318 487 357 533 δ’
385 486 545 543 ἐλεεινὴ
578 487 649 527 καὶ
675 489 752 541 τῆς
772 484 848 538 γῆς
868 478 892 538 ἡ
915 482 1024 521 θέα·
1056 477 1110 519 τὰ
1132 476 1214 532 γὰρ
1246 474 1386 517 πάλαι
1419 472 1615 524 δένδρεσι
1644 470 1715 511 καὶ
1749 483 1895 519 παρα-

246 561 408 608 δείσοις
437 555 735 611 κεκοσμημένα
755 549 856 593 τότε
876 545 1159 599 πανταχόθεν
1189 539 1394 598 ἠρήμωτο
1416 541 1487 582 καὶ
1509 540 1799 594 περικέκοπτο
1820 534 1897 589 τὴν

246 623 361 683 ἴλην,
395 620 538 673 οὐδείς
569 638 615 663 τε
645 619 722 678 τὴν
762 617 904 659 πάλαι
930 611 1145 658 Ἰουδαίαν
1184 612 1255 653 καὶ
1287 607 1341 650 τὰ
1373 606 1613 663 περικαλλῆ
1651 602 1898 660 προάστεια

247 697 323 750 τῆς
354 692 527 740 πόλεως
558 685 759 741 ἑωρακώς
791 680 1051 740 ἀλλόφυλος,
1089 679 1244 722 ἔπειτα
1274 675 1351 733 τὴν
1380 674 1481 717 τότε
1510 675 1687 728 βλέπων
1719 670 1900 727 ἐρημίαν

249 758 324 805 οὐκ
355 756 616 815 ὠλοφύρατο
647 755 719 797 καὶ
748 749 1056 799 κατεστέναξεν
1081 746 1159 803 τὴν
1180 742 1426 800 μεταβολὴν
1448 736 1557 794 παρ)
1584 735 1688 782 ὅσον
1708 737 1899 793 γένοιτο·

250 828 397 871 πάντα
427 825 509 882 γάρ
542 821 781 879 ἐλυμήνατο
812 818 866 861 τά
900 825 1058 875 σημεῖα
1088 816 1164 857 τοῦ
1198 812 1382 861 κάλλους
1412 808 1433 853 ὃ
1468 808 1683 862 πόλεμος,
1723 806 1795 848 καὶ
1827 799 1902 847 οὐκ

252 894 303 939 ἄν
333 911 401 945 τις
433 893 641 947 ἐξαπίνης
678 886 865 936 ἐπιστὰς
902 887 988 927 τιῦν
1028 879 1369 938 προεγνωκότων
1411 877 1616 933 ἐγνώρισε
1644 873 1721 916 τὸν
1750 871 1902 922 τόπον,

251 960 362 1006 ἀλλὰ
394 958 550 1015 παρών
581 957 719 1015 ἐζήτει
749 954 828 1011 τὴν
859 953 1005 996 πόλιν.

366 1033 404 1072 2.
431 1025 661 1081 Ῥωμαίοις
684 1023 820 1065 δὲκαὶ
846 1017 1076 1068 Ἰουδαίοις
1099 1016 1147 1059 τὸ
1171 1017 1294 1064 τέλος
1324 1015 1410 1055 τιῦν
1439 1009 1654 1065 χωμάτων
1685 1007 1784 1064 ἰ’σην
1816 1005 1905 1048 ἐνε-

251 1102 372 1140 ποίει
404 1095 528 1144 δὲους
561 1090 712 1147 ἀρχήν·
746 1090 787 1132 οἷ
818 1089 896 1143 μὲν
926 1087 1020 1143 γάρ,
1059 1085 1097 1127 εἰ
1126 1083 1183 1140 μὴ
1216 1085 1288 1125 καὶ
1319 1083 1456 1123 ταῦτα
1487 1077 1707 1127 καύσειαν,
1741 1071 1906 1116 ἁλώσε-

255 1170 367 1208 σθαι
387 1162 464 1221 τὴν
486 1162 618 1205 πόλιν
640 1156 934 1215 προσεδόκων,
961 1151 1166 1206 Ῥωμαῖοι
1193 1146 1233 1192 δ’
1271 1145 1345 1192 ούκ
1377 1141 1459 1204 [ἂν]
1492 1141 1566 1188 ἔθ’
1603 1142 1800 1197 αἱρήσειν
1830 1134 1907 1181 nc'tcn

253 1237 406 1276 κείνων
438 1230 795 1286 διαφθαρέντων.
847 1218 950 1279 ἵλης
971 1237 1017 1263 τε
1038 1218 1119 1275 γὰρ
1150 1209 1201 1275 ἧν
1225 1213 1404 1269 άπορία,
1436 1215 1506 1256 καὶ
1538 1214 1625 1253 τιῦν
1655 1210 1734 1264 μεν
1759 1206 1908 1250 πόνων

254 1299 333 1358 ἤδη
367 1297 414 1341 τὸ
446 1300 585 1351 σῶμα,
616 1297 702 1337 τῶν
735 1293 780 1335 δὲ
813 1288 1070 1344 ἐπαλλήλων
1101 1283 1392 1338 πταισμάτων
1416 1282 1461 1324 αἱ
1485 1281 1621 1336 ψυχαὶ
1652 1285 1745 1326 τοῖς
1777 1290 1909 1328 στρα-

257 1368 437 1415 τιώταις
478 1364 722 1406 ἐλείποντο,
780 1355 859 1408 τάς
897 1373 945 1412 γε
983 1355 1067 1411 μὴν
1105 1351 1215 1395 κατὰ
1254 1349 1331 1405 τὴν
1373 1349 1505 1391 πόλιν
1544 1342 1775 1402 συμφορὰς
1810 1339 1910 1384 Ῥω-

256 1439 407 1490 μαίοις
438 1432 574 1474 πλέον
606 1428 719 1472 εἶναι
750 1429 977 1480 συνέβαινε
1007 1421 1120 1477 πρὸς
1152 1416 1350 1473 ἀθυμίας
1380 1410 1407 1471 ἢ
1437 1424 1530 1464 τοῖς
1562 1413 1604 1456 ἐν
1632 1408 1756 1465 αὐτῇ·
1788 1406 1910 1463 παρὰ

259 1502 339 1558 γὰρ
369 1499 423 1543 τὰ
455 1499 692 1555 τηλικαῦτα
723 1494 853 1550 πάθη
894 1501 988 1541 τοῖς
1027 1490 1290 1544 μαχομένοις
1330 1480 1455 1527 οὐδὲν
1490 1481 1675 1534 ἐχρῶντο
1707 1478 1911 1532 μαλακω-

261 1573 425 1624 τέροις,
468 1561 564 1608 άλλ)
603 1561 846 1618 ἐθραύοντο
888 1559 1080 1601 πάντοτε
1110 1555 1189 1604 τὰς
1221 1552 1427 1603 ἐλπίδας,
1467 1552 1554 1592 τῶν
1584 1548 1662 1602 μὲν
1697 1543 1913 1599 χωμάτων

258 1645 356 1686 ταῖς
387 1633 665 1688 ἐπιβουλαῖς,
705 1631 791 1670 τιῦν
824 1623 863 1669 δ’
900 1621 1094 1681 ὁργάνων
1135 1620 1390 1676 στερρότητι
1425 1619 1502 1660 τοῦ
1532 1619 1720 1668 τείχους,
1760 1614 1836 1667 τῆς
1867 1610 1913 1652 δὲ

258 1702 368 1745 κατὰ
387 1710 510 1755 χεῖρα
531 1699 669 1754 μάχης
689 1705 785 1745 ταῖς
805 1697 890 1737 τῶν
914 1692 1280 1746 συμπλεκομένων
1299 1687 1483 1739 τόλμαις
1513 1679 1913 1733 πλεονεκτούμενοι,

260 1770 307 1813 τὸ
343 1770 388 1812 δὲ
419 1771 642 1822 μέγιστον,
684 1763 879 1811 στάσεως
908 1776 955 1802 τε
984 1760 1058 1801 καὶ
1089 1758 1217 1810 λιμοῦ
1247 1756 1319 1796 καὶ
1351 1751 1547 1804 πολέμου
1587 1750 1659 1791 καὶ
1693 1745 1915 1789 τοσούτων

260 1839 400 1881 κακῶν
433 1833 702 1887 εἱρίσκοντες
729 1829 878 1873 ἐπάνω
901 1827 949 1870 τὸ
973 1824 1246 1880 παράστημα
1266 1823 1343 1876 τῆς
1365 1821 1504 1875 ψυχῆς
1530 1813 1765 1863 Ἰουδαίους
1797 1811 1915 1865 ἔχον-

263 1922 355 1956 τας.
394 1899 705 1954 ὑπελάμβανόν
727 1914 773 1939 τε
793 1899 880 1938 τιῦν
913 1891 1082 1948 άνδριῦν
1105 1887 1298 1945 ἀμάχους
1319 1887 1396 1941 μὲν
1417 1885 1496 1935 τὰς
1517 1881 1669 1939 ὁρμάς,
1693 1878 1917 1923 ἀνάλωτον

377 2097 992 2144 PAMLVRCLatSyrHegesippus
1017 2095 1048 2130 V
1074 2096 1114 2128 25
1140 2103 1174 2136 p.
1202 2094 1278 2125 334.

378 2166 397 2196 2
421 2164 488 2212 μιᾷ
512 2162 574 2196 καὶ
601 2156 755 2197 εἴκοσιν]
781 2155 992 2197 εικοσιμίαν
1015 2151 1045 2185 L
1150 2145 1294 2194 ἡμέραν
1318 2146 1347 2180 L
1459 2145 1477 2177 3
1502 2141 1561 2178 ἐπι
1586 2141 1616 2175 L
1731 2137 1772 2175 ἐν
1796 2147 1864 2172 om.
1890 2137 1919 2170 L

268 2222 349 2256 fort.
375 2221 472 2253 recte
577 2219 595 2249 4
622 2211 669 2255 δ’]
695 2213 733 2249 δὲ
757 2213 789 2247 Α
815 2211 852 2246 δὲ
876 2211 980 2245 πᾶσα
1006 2204 1100 2242 VRC
1192 2205 1255 2239 καὶ
1280 2212 1348 2237 om.
1373 2201 1445 2235 Lat
1558 2194 1591 2242 ἡ]
1617 2198 1720 2232 πᾶσα
1746 2190 1766 2241 ἡ
1792 2193 1830 2227 Μ

265 2277 435 2321 δ’ἑνὸρασι
461 2273 499 2307 Μ
598 2275 617 2305 5
642 2268 906 2313 περικέκοπτο)
931 2266 961 2298 Α
987 2260 1260 2307 περιεκέκοπτο
1286 2258 1346 2292 LO
1461 2258 1480 2289 6
1504 2248 1584 2291 ὕλιν
1609 2252 1634 2286 C
1749 2254 1765 2283 ἰ
1794 2246 1922 2285 ἔπειτα

266 2333 332 2377 τὴν
365 2329 453 2367 τότε
484 2327 636 2373 βλέπων
667 2325 825 2371 ἐρημίαν
855 2318 1072 2366 α’λλόφυλοσ
1104 2319 1149 2352 tr.
1181 2317 1211 2350 L
1348 2316 1368 2348 8
1400 2308 1621 2357 ὠλοφύρετο
1646 2308 1676 2343 L
1704 2302 1922 2351 ὀλοφύρατο

265 2388 359 2424 R¹C¹
477 2388 515 2419 10
541 2378 706 2423 ἐπιστὰς]
739 2377 874 2415 ἐπιτὰσ
899 2378 947 2412 R¹
1062 2366 1379 2420 προεγνωκότων]
1412 2371 1453 2405 εὖ
1477 2361 1781 2414 προεγνωκότων
1804 2361 1834 2396 L

266 2441 455 2490 ἐγνώρησε
481 2441 507 2475 C
603 2442 640 2473 11
673 2433 790 2481 ἐζήτει
815 2435 848 2469 R
944 2435 983 2466 12
1015 2431 1038 2465 i.
1072 2439 1181 2472 marg.
1207 2425 1242 2475 β’
1269 2427 1295 2462 C
1389 2423 1471 2470 ἴσην
1501 2433 1568 2457 om.
1594 2420 1660 2455 VR
1749 2417 1924 2456 ἐνεποίει]

267 2501 335 2543 μὲν
365 2498 485 2535 ἐποίει
511 2496 540 2530 L
661 2496 700 2528 13
732 2488 970 2530 ἁλώσεσθαι,
1000 2490 1021 2522 λ
1043 2487 1066 2521 i.
1092 2495 1162 2520 ras.
1187 2485 1220 2518 A
1336 2485 1377 2516 14
1410 2480 1448 2516 δὲ
1473 2477 1599 2514 LVRC
1714 2469 1782 2510 οὐκ
1807 2493 1848 2497 -
1873 2470 1926 2507 αὶ-

271 2554 406 2602 ρήσειν]
431 2564 495 2587 nec
519 2551 741 2586 uoluntatem
764 2546 835 2581 sibi
853 2545 939 2590 fore
962 2544 1033 2577 Lat
1169 2537 1217 2576 ἄν
1241 2539 1323 2573 eicit
1346 2535 1561 2571 Herwerden
1697 2527 1749 2566 ἔτι
1774 2528 1841 2563 VR

275 2615 311 2645 15
337 2613 424 2650 τῶν]
447 2605 522 2645 ὑπὸ
553 2609 629 2642 τῶν
652 2603 868 2639 Herwerden
963 2602 1002 2633 16
1027 2594 1072 2634 τὸ
1099 2599 1223 2640 σῶμα]
1249 2594 1294 2631 τά
1322 2590 1481 2636 σώματα
1507 2590 1544 2624 Μ
1569 2597 1728 2633 corpora
1752 2585 1822 2619 Lat

270 2662 304 2701 δ’
329 2666 393 2699 AL
485 2661 733 2706 πταισμάτων
758 2670 825 2694 om.
851 2657 882 2691 L
976 2658 1013 2688 17
1039 2656 1094 2699 γε]
1119 2664 1160 2687 τε
1185 2651 1214 2685 L
1326 2652 1365 2683 18
1392 2651 1523 2683 πλεῖον
1547 2645 1577 2679 L
1693 2645 1736 2676 20
1761 2637 1927 2676 πάντοτε

272 2732 338 2756 om.
365 2721 434 2754 Lat
525 2718 593 2763 μὲν
618 2727 686 2750 om.
711 2715 741 2748 L
843 2715 882 2746 21
909 2709 1109 2756 ἐπιβολαῖσ
1133 2707 1165 2740 L
1279 2705 1317 2740 δὲ
1341 2702 1540 2738 AMLVRC
1656 2693 1891 2743 στερρότητι,
1917 2709 1928 2729 ι

271 2779 293 2812 i.
318 2786 389 2811 ras.
415 2785 458 2809 ex
485 2789 507 2810 α
536 2782 625 2808 corr.
652 2771 723 2805 uid.
749 2769 780 2803 V
896 2769 938 2800 22
961 2765 1095 2811 χείραν
1120 2763 1148 2796 Ρ
1264 2763 1304 2795 23
1330 2762 1393 2795 καὶ
1418 2757 1587 2802 πολέμου
1612 2765 1680 2790 om.
1705 2752 1772 2787 VR
1864 2763 1928 2785 το-

274 2846 411 2903 σοῦτιδν
436 2864 462 2898 C
541 2864 583 2895 24
609 2863 675 2905 τῆσ
693 2874 707 2889 *
727 2873 742 2888 ee
761 2872 775 2887 υτ
792 2860 837 2902 ῆσ
854 2870 869 2886 =¹=
887 2870 902 2885 *
922 2869 936 2884 *
956 2869 970 2884 *
989 2868 1004 2884 κ
1024 2867 1037 2883 *
1055 2864 1123 2887 ουσ
1150 2848 1312 2896 ἕχοντασ
1335 2848 1363 2882 Ρ
1434 2850 1474 2881 25
1501 2859 1542 2882 τε
1566 2855 1633 2880 om.
1652 2843 1721 2877 Lat
1745 2844 1780 2876 et
1797 2840 1862 2885 Syr

272 2923 341 2968 μὲν
365 2932 432 2957 om.
459 2919 488 2953 L

1934 877 1971 909 10

1940 1213 1974 1244 15

1944 1548 1980 1580 20
