2039 3282
835 166 1026 202 Praefatio.
1649 170 1767 204 XLIX

98 278 282 332 denique
314 279 459 321 tertius
491 278 616 321 homo
649 280 807 333 doctus,
841 282 1019 324 sortasse
1046 282 1247 324 Petauius
1279 286 1351 324 aut
1381 282 1557 326 Vossius
1587 284 1765 337 aliusue,

99 345 213 388 haud
244 359 382 399 pauca
412 346 667 389 emendauit.
728 348 767 390 hi
800 354 872 390 aut
901 349 1056 391 menda
1087 350 1250 392 leuiora
1280 351 1538 393 sustulerunt
1569 355 1640 392 aut
1669 352 1765 394 aliis

99 413 318 455 codicibus
359 414 422 455 usi
461 414 617 456 tradita
653 422 920 457 mutauerunt
949 423 1021 458 aut
1052 417 1093 457 in
1126 418 1358 471 marginem
1391 419 1531 460 uarias
1562 419 1766 462 lectiones

97 481 394 534 ascripserunt,
421 481 507 523 alia
529 481 712 536 denique
735 484 987 526 coniecturis
1008 488 1278 537 temptarunt,
1312 498 1486 538 quarum
1512 486 1646 528 maior
1667 499 1765 539 pars

98 548 347 590 correctoris
380 561 472 590 esse
503 549 670 592 uidetur
702 552 825 592 tertii.
878 552 960 592 iam
995 564 1138 592 eorum
1170 564 1279 604 quae
1304 552 1550 595 Dindorfius
1583 558 1623 595 et
1655 553 1763 595 Bek—

98 615 226 657 kerus
267 621 536 670 receperunt,
579 619 797 672 complura
835 632 917 659 non
956 619 1112 660 ueteris
1145 618 1305 660 codicis
1337 624 1454 673 sunt,
1497 620 1572 662 sed
1604 633 1764 663 correc-

99 687 250 724 torum.
311 685 429 725 uelut
467 698 507 738 p.
549 688 636 738 177,
674 688 720 725 12
759 685 938 738 αἱρετοὶ,
972 685 1084 738 quod
1115 685 1234 727 dedit
1263 685 1500 739 Bekkerus,
1533 691 1765 729 correctum

98 754 163 791 est
193 764 247 792 ex
281 754 446 803 αι’ρετοι
479 753 611 795 tribus
642 758 738 795 ante
770 753 920 794 litteris
952 753 1104 805 erasis,
1145 756 1190 793 ut
1219 758 1426 806 appareat
1455 755 1584 796 fuisse
1616 749 1764 795 ἀδιαί-

98 832 217 871 ρετοι
249 819 291 860 in
323 819 530 862 Vossiano
564 825 607 862 ut
638 822 678 862 in
710 821 904 873 reliquis,
941 833 981 873 p.
1006 821 1098 871 266,
1122 821 1170 860 21
1209 815 1454 875 ἀπειλήσας
1484 822 1572 861 τῶν
1603 835 1763 864 correc-

97 891 183 927 tum
224 891 287 929 est
326 900 380 929 eX
412 881 772 943 &wistracha-(021,-
810 900 850 940 p.
881 888 975 938 356,
1013 890 1027 926 1
1065 881 1198 927 αὐτὸν
1230 900 1283 929 ex
1317 883 1460 928 αὐτῶν
1490 889 1645 930 factum
1678 894 1762 942 est3

97 966 137 1006 p.
169 954 263 1004 382,
299 958 338 994 ’11
378 958 539 1006 κρίνειν
572 954 709 1004 δοκεῖ,
751 953 863 1007 quod
905 953 1136 996 editoribus
1176 955 1358 1008 placuit,
1400 957 1645 997 correctoris
1678 962 1762 1009 θεῖς

96 1022 196 1063 olim
229 1021 307 1064 fuit
337 1025 569 1074 κρίνεσθαι
602 1021 690 1073 dei,-
720 1035 760 1075 p.
789 1023 882 1073 397,
915 1022 967 1060 23
1000 1019 1168 1062 ἐνθέων
1199 1035 1307 1064 nunc
1339 1022 1467 1064 habet
1497 1022 1634 1064 codex
1650 1024 1677 1073 1)
1710 1037 1763 1065 ex

97 1132 210 1175 ἔνθα
250 1141 504 1185 correctum;
545 1136 640 1189 -118,
671 1139 694 1176 5
725 1098 918 1188 βριξέιῗιὶο
951 1137 1090 1187 extat,
1131 1133 1181 1174 λλ
1212 1148 1339 1177 manu
1369 1135 1604 1178 recentiore
1636 1147 1763 1189 supra

95 1202 244 1243 addita
286 1207 400 1256 sunt;
444 1203 638 1245 similiter
678 1216 718 1256 p.
751 1203 845 1253 478,
876 1204 928 1243 20
961 1201 1114 1257 ὄιῆραν
1145 1215 1199 1244 ex
1231 1201 1409 1256 ὄιήρουν
1440 1203 1596 1245 factum
1629 1207 1693 1244 est
1724 1207 1764 1243 et

96 1283 136 1323 p.
162 1272 255 1323 598,
282 1273 302 1309 7
327 1268 370 1310 ἐκ
400 1267 658 1322 παραβόλου
681 1274 885 1312 mutatum
918 1270 959 1311 in
992 1266 1036 1309 ἐκ
1065 1269 1143 1310 τοῦ
1175 1268 1456 1325 παραβόλως,
1489 1269 1603 1323 quod
1635 1270 1763 1311 etiam

96 1338 139 1378 in
156 1338 193 1378 A
209 1342 419 1380 corrector
435 1337 565 1379 dedit.
606 1336 714 1380 haec
731 1338 861 1391 igitur
876 1336 963 1379 fere
982 1338 1123 1379 omnia
1143 1350 1226 1379 non
1247 1338 1450 1379 maiorem
1471 1338 1764 1379 auctoritatem

98 1404 253 1446 habere
283 1410 473 1458 apparet,
506 1418 632 1458 quam
663 1404 912 1447 nostratium
945 1404 1164 1447 hominum
1196 1404 1382 1446 cuiusuis
1415 1405 1690 1447 coniecturas.

210 1472 411 1514 Eiusdem
433 1473 615 1525 generis,
646 1473 770 1514 aliter
794 1478 935 1514 tamen
966 1473 1218 1514 commixtus
1251 1476 1314 1514 est
1335 1471 1696 1523 Rostgsaardz'anus
1711 1475 1764 1521 2),-

96 1541 131 1582 is
154 1540 264 1581 enim
294 1540 383 1582 sine
415 1540 543 1582 dubio
576 1553 630 1582 ex
661 1539 811 1582 eadem
841 1541 971 1594 stirpe
1003 1544 1246 1594 procreatus
1278 1544 1341 1582 est
1371 1552 1455 1593 qua
1477 1539 1562 1593 VR,
1594 1540 1763 1593 quibus-

95 1619 188 1649 cum
224 1620 264 1661 p.
295 1608 369 1660 43,
404 1610 453 1647 14
492 1607 621 1649 tradit
658 1609 909 1658 κατέχοντες
948 1605 1140 1648 ἰουὸαῖοι
1179 1607 1251 1647 καὶ
1293 1604 1543 1660 αἷγίπτιοι·
1582 1606 1764 1656 τούτους

95 1673 142 1715 ὁὲ
181 1668 474 1728 ἇντίπατροςς
512 1688 552 1728 p.
589 1676 681 1728 168,
714 1676 738 1715 6
776 1675 931 1717 omittit
960 1674 1033 1715 καὶ
1065 1673 1107 1715 οἱ
1138 1673 1217 1726 μὲν
1249 1669 1440 1728 (ἱὶχοντος
1479 1688 1519 1729 p.
1553 1677 1648 1730 465,
1682 1677 1704 1717 8
1737 1671 1761 1730 ἡ

95 1740 226 1791 πόλις
247 1735 325 1798 ὅλη
349 1740 396 1782 τὸ
429 1741 619 1796 διεῖργον
642 1742 771 1784 tradit
801 1743 989 1795 alibique
1022 1755 1151 1796 saepe
1183 1742 1403 1785 consentit.
1454 1743 1630 1797 propius
1662 1756 1762 1786 uero

93 1809 260 1851 accedit
279 1809 336 1851 ad
356 1810 406 1863 V,
439 1823 532 1852 cum
554 1822 636 1863 quo
659 1809 787 1851 tradit
817 1823 856 1864 p.
880 1811 946 1863 49,
970 1811 993 1850 2
1015 1807 1318 1863 βραβεύεσθαι
1339 1810 1436 1863 θεῷ
1467 1809 1603 1851 πλέον
1636 1807 1762 1861 εἶναι,

93 1883 196 1931 etp.
223 1880 315 1930 171,
343 1878 390 1918 18
421 1875 626 1929 ἰάμνιαν,·
654 1890 732 1920 neo
758 1877 1114 1931 praetereundum
1142 1882 1217 1930 est,
1249 1891 1344 1919 eum
1374 1878 1417 1919 in
1447 1879 1638 1931 margine
1660 1878 1762 1922 dare

93 1944 370 1998 capitulorum
390 1958 600 1998 numeros,
623 1958 727 1998 quos
750 1945 878 1988 habet
898 1945 948 1988 V.
988 1958 1028 1998 p.
1053 1947 1119 1998 35,
1148 1948 1194 1985 15
1210 1958 1271 1998 sq.
1294 1948 1360 1998 43,
1385 1948 1407 1985 5
1432 1958 1525 1987 cum
1549 1945 1580 1988 C
1602 1943 1704 1989 facit
1719 1949 1761 1996 3).

93 2024 134 2064 p.
158 2014 224 2065 49,
250 2013 299 2052 16
327 2011 433 2055 haec
464 2012 593 2055 tradit
622 2013 710 2052 τῶν
743 2010 789 2053 ὁὲ
822 2007 966 2053 ἄλλων
998 2010 1074 2053 ἐπὶ
1105 2015 1296 2067 τιμωρία
1327 2013 1405 2053 τοῦ
1437 2010 1576 2067 φόνου
1606 2011 1761 2066 βάσσω

94 2077 406 2131 συμβαλόντων
445 2077 557 2133 μετὰ
589 2078 737 2135 πάσης
766 2081 844 2136 τῆς
875 2078 1099 2133 δυνάμεως
1129 2080 1218 2122 fere
1249 2085 1294 2122 ut
1323 2080 1489 2123 PAMG.
1540 2085 1764 2134 praeterea

94 2147 227 2189 multa
266 2146 396 2189 habet
433 2148 606 2202 propria
640 2149 995 2202 interpolamenta
1026 2152 1067 2190 et
1098 2148 1379 2201 corruptelas,
1420 2147 1536 2190 uelut
1566 2162 1606 2202 p.
1639 2151 1705 2202 42,
1738 2152 1760 2190 7

95 2227 170 2267 pro
209 2214 354 2267 μέλιτι
384 2215 513 2257 tradit
545 2212 588 2255 ἐν
620 2214 826 2268 Merum,-
865 2229 904 2268 p.
937 2217 1003 2268 42,
1038 2217 1060 2256 8
1095 2215 1250 2258 omittit
1275 2209 1530 2267 Ἰουὸαιόις,·
1566 2229 1607 2269 p.
1639 2218 1704 2270 52,
1738 2220 1761 2257 7

95 2280 201 2323 haec
223 2281 416 2324 exhibet:
448 2282 632 2335 λαμπρᾶ
658 2284 748 2332 (sic)
779 2298 826 2323 τε
856 2280 1043 2339 πομπὴν
1074 2282 1151 2323 ἐπὶ
1182 2283 1232 2336 τῆ
1264 2283 1457 2336 πατρικῆ
1486 2282 1638 2337 >mosia
1670 2281 1762 2325 ἐτε-

95 2346 274 2403 λεύτησε
295 2350 360 2399 (σε
382 2362 437 2392 ex
457 2363 530 2390 σεν
553 2354 626 2392 aut
648 2364 729 2391 σαν
751 2352 1024 2405 correctum),
1054 2364 1094 2404 p.
1119 2353 1186 2403 53,
1213 2353 1231 2391 1
1257 2345 1316 2398 ὠς
1332 2375 1386 2380 -—
1405 2353 1428 2392 3
1452 2348 1559 2403 ἔγνω
1585 2352 1760 2406 omittit;

93 2428 135 2469 p.
163 2419 253 2470 145,
276 2419 300 2457 2
331 2417 403 2458 καὶ
434 2415 559 2472 παρὰ
591 2418 688 2458 θεῶ
719 2418 791 2459 καὶ
825 2415 947 2469 παρὰ
981 2412 1245 2471 ἀνθρώποις
1275 2417 1346 2458 καὶ
1380 2414 1504 2471 παρὰ
1537 2415 1587 2458 σὺ
1617 2417 1760 2474 πάτερ

95 2483 244 2537 tradit,
286 2498 380 2527 cum
418 2499 444 2527 a
476 2486 627 2528 ceteris
661 2486 854 2528 omnibus
885 2486 998 2528 absit
1026 2485 1100 2527 καὶ
1130 2483 1255 2538 παρὰ
1288 2479 1565 2538 ἀνθρώποις.
1615 2488 1760 2540 paullo

95 2548 205 2592 infra
224 2551 244 2592 I
274 2553 298 2600 ἓ
321 2553 543 2595 639-643
566 2554 753 2595 maxime
774 2554 982 2596 consentit
1003 2567 1097 2596 cum
1120 2553 1165 2608 C,
1198 2557 1243 2595 ut
1263 2557 1403 2595 tamen
1434 2553 1644 2606 quaedam
1675 2556 1762 2597 alia

97 2614 273 2671 habeat,
314 2620 431 2661 uelut
466 2633 506 2673 p.
543 2622 634 2676 146,
668 2623 691 2663 3
722 2618 1079 2674 κατακριθέντων
1110 2622 1267 2664 omisso
1300 2618 1498 2674 δεσμώτῃ
1531 2633 1625 2663 cum
1656 2621 1762 2665 VOS-

95 2682 228 2737 siano,
259 2697 299 2726 u.
324 2687 348 2726 6
368 2681 546 2740 γράψας
567 2690 747 2741 καίσαρι
773 2689 912 2730 traicit
942 2701 1035 2730 cum
1057 2688 1107 2741 A,
1141 2691 1163 2729 7
1197 2686 1243 2728 δὲ
1274 2681 1545 2742 ἆντίπατρον
1576 2684 1597 2730 ὃ
1628 2691 1760 2742 βασι-

210 2807 242 2846 1)
265 2815 338 2839 non
355 2804 491 2843 ἐνθέον
508 2813 548 2842 ut
563 2809 674 2843 tradit
690 2808 932 2853 Hauerkamp.
1005 2811 1036 2848 2)
1061 2809 1144 2843 uide
1167 2819 1201 2853 p.
1220 2809 1323 2843 XVII
1347 2819 1424 2843 nro.
1444 2811 1498 2844 24.
1571 2812 1604 2851 3)
1628 2820 1760 2845 memo·

98 2857 208 2892 rabile
238 2864 293 2893 est
323 2872 358 2905 p.
384 2865 436 2904 56,
463 2866 481 2896 7
509 2873 590 2898 cum
614 2865 755 2900 tradere
779 2876 850 2900 non
876 2862 1093 2911 σατράπου,
1126 2865 1188 2900 sed
1214 2859 1420 2910 τυράννου,
1452 2865 1547 2909 quod
1571 2865 1700 2909 legitur
1723 2867 1759 2900 in

99 2911 210 2947 Paris.
231 2918 328 2957 1427,
354 2917 396 2951 de
421 2928 490 2961 quo
514 2918 609 2953 infra
632 2931 664 2963 p.
684 2921 751 2954 LII
776 2922 943 2957 dicemus.

165 2973 306 3010 Iosephus
322 2977 376 3005 VI.
1464 2977 1487 3011 d
