1987 3246
68 262 119 301 42

69 596 119 635 43

68 799 120 836 44

69 1003 120 1040 45

68 1338 120 1378 46

69 1621 120 1659 47

72 2102 124 2142 48

152 146 204 183 12
602 145 668 179 DE
695 145 852 180 BELLO
876 145 971 180 IUD.
996 145 1014 179 I
1036 149 1169 181 41—48
1193 149 1216 189 (1
1237 154 1265 180 5.
1287 153 1302 180 6
1329 152 1352 179 11
1374 149 1404 190 1)

151 257 262 313 μετὰ
292 260 368 313 τῆς
399 258 634 311 δυνάμεως.
695 259 801 312 πρὶν
833 257 879 300 δὲ
910 257 1109 312 συνάψαι
1138 257 1217 308 τὰς
1247 259 1474 316 φάλαγγας
1494 255 1746 314 Ἐλεάζαρος
1776 257 1798 302 ὁ

150 321 341 382 ἀδελφὸς
369 324 499 366 αὐτοῦ
531 324 729 379 προϊδών
758 324 834 367 τὸν
863 322 1145 382 ὑψηλότατον
1175 328 1260 367 τῶν
1291 325 1540 384 ἐλεφάντων
1572 326 1724 382 πύργῳ
1753 343 1801 369 τε

147 392 321 447 μεγάλῳ
366 393 438 434 καὶ
483 391 764 446 περιχρίσοις
802 396 1143 468 προτειχίσμασι
1179 396 1519 450 κεκοσμημένον,
1560 391 1800 448 ὑπολαβών

150 456 223 501 ἐπ
268 455 402 501 αυτοῦ
440 457 516 501 τὸν
550 455 776 512 Ἀντίοχον
815 457 948 512 εἶναι,
986 461 1072 502 τῶν
1111 476 1159 502 τε
1199 459 1323 502 ἰδίων
1363 461 1550 516 ἐκτρέχει
1583 460 1697 504 πολὺ
1728 462 1801 503 καὶ

151 525 369 579 διακόψας
412 524 460 568 τὸ
509 535 665 604 στῖφος
708 529 795 569 τῶν
839 528 1078 610 πολεμίωνἴ
1104 526 1181 569 ἐπὶ
1217 526 1294 570 τὸν
1332 527 1550 584 ἐλέφαντα
1590 528 1801 584 διήνυσεν.

151 593 389 650 ἐφικέσθαι
428 593 506 647 μὲν
545 592 619 636 οὖν
657 596 734 636 τοῦ
773 594 1002 644 δοκοῦντος
1040 592 1153 637 εἶναι
1189 595 1406 648 βασιλέως
1446 591 1521 648 οὐχ
1551 595 1644 646 οἷός
1673 612 1721 638 τε
1750 594 1802 653 ην

152 659 225 702 διὰ
246 659 295 702 τὸ
318 655 446 715 υψος,
477 658 498 703 ὁ
524 661 570 703 δὲ
591 660 639 704 τὸ
663 665 824 718 θηρίον
844 658 931 704 ὑπὸ
954 678 1031 719 την
1058 664 1248 717 γαστέρα
1279 661 1447 717 πλήξας
1477 660 1804 705 ἐπικατέσεισεν

151 726 293 782 εαυτιῦ
330 729 403 770 καὶ
442 730 685 783 συντριβεὶς
723 728 1016 786 ἐτελεύτησεν,
1055 729 1189 785 μηδὲν
1227 729 1362 771 πλέον
1403 728 1568 783 δράσας
1605 732 1682 771 τοῦ
1711 738 1805 779 τοῖς

150 794 358 849 μεγάλοις
387 794 687 849 ἐπιβαλέσθαι
725 799 914 850 θέμενος
945 792 1139 847 6vzl6c'ag
1170 795 1214 838 ἐν
1245 796 1432 851 δευτέρω
1461 795 1510 838 τὸ
1544 796 1630 852 ζῆν.
1698 792 1722 839 ο’
1757 814 1805 852 γε

153 860 238 917 μὴν
258 864 472 917 κυβερνῶν
493 861 568 905 τὸν
591 862 807 919 ἐλέφαντα
832 863 1009 943 ιδιωτης
1038 862 1110 921 ἠν·
1141 880 1219 906 καν
1251 880 1289 906 ει
1321 866 1475 920 συνέβη
1508 863 1555 905 δὲ
1586 861 1699 907 εἶναι
1727 863 1804 907 τὸν

147 924 394 982 Ἀντίοχον,
436 925 561 972 ουδὲν
601 931 736 973 πλέον
773 928 927 987 ἤνυσεν
958 929 979 973 ὃ
1012 930 1235 987 τολμήσας
1263 933 1341 973 τοῦ
1372 931 1513 974 δοκεῖν
1545 927 1619 973 ἐπ’
1656 929 1806 974 ἐλπίδι

151 996 261 1052 μόνη
308 997 513 1051 λαμπροῦ
556 998 904 1052 κατορθωματος
943 997 1127 1041 ἑλέσθαι
1164 997 1240 1040 τὸν
1276 997 1489 1041 θάνατον.
1554 1001 1722 1053 γίνεται
1761 997 1807 1040 δὲ

152 1065 223 1106 καὶ
261 1063 429 1120 κλῃδών
468 1060 675 1121 τάδελφῷ
710 1068 787 1121 τῆς
818 1064 920 1121 ὅλης
951 1064 1259 1119 παρατάξεως·
1298 1067 1515 1119 καρτερῶς
1544 1066 1623 1119 μὲν
1652 1065 1733 1121 γὰρ
1765 1066 1806 1108 οἱ

147 1127 354 1176 Ἰουδαῖοι
374 1133 447 1174 καὶ
468 1135 592 1186 μέχρι
621 1134 789 1175 πολλοῦ
816 1134 1144 1190 διηγωνίσαντο,
1176 1131 1345 1186 πλήθει
1376 1132 1422 1174 δὲ
1452 1129 1736 1186 ὑπερέχοντες
1766 1133 1807 1174 οἱ

151 1201 373 1254 βασιλικοὶ
395 1201 465 1241 καὶ
489 1199 611 1256 δεξιᾷ
637 1199 906 1256 χρησάμενοι
935 1201 1037 1256 τύχῃ
1067 1202 1287 1255 κρατοῦσι,
1319 1201 1391 1242 καὶ
1422 1200 1601 1242 πολλῶν
1632 1195 1808 1253 ἀναιρε-

152 1272 327 1310 θέντων
366 1265 468 1316 τοὺς
508 1266 692 1316 λοιποὺς
732 1267 839 1320 ἔχων
864 1263 1028 1317 Ἰούδας
1067 1266 1129 1317 εἷς
1159 1267 1236 1323 τὴν
1267 1266 1531 1324 Γοφνιτικὴν
1561 1270 1807 1322 τοπαρχίαν

152 1334 316 1391 φεύγει.
362 1330 587 1387 Ἀντίοχος
609 1334 655 1376 δὲ
676 1333 917 1389 παρελθών
949 1332 1302 1389 εἷςἹεροσόλυμα
1331 1337 1405 1378 καὶ
1434 1338 1628 1384 καθίσας
1659 1329 1808 1388 ὀλίγας

152 1399 314 1458 ἡμέρας
354 1401 398 1444 ἐν
430 1397 538 1457 αὐτῇ
567 1399 676 1443 κατὰ
709 1401 871 1444 σπάνιν
901 1404 988 1444 τῶν
1019 1401 1282 1459 ἐπιτηδείων
1313 1398 1634 1452 ἀπανίσταται,
1674 1417 1807 1442 κατα-

153 1467 297 1511 λιπών
334 1469 413 1523 μὲν
453 1469 650 1525 φρουρὰν
681 1464 786 1525 ὅσην
818 1465 1086 1524 ἀποχρήσειν
1116 1466 1418 1525 ὑπελάμβανε,
1460 1468 1537 1527 τὴν
1569 1469 1615 1511 δὲ
1647 1467 1807 1523 λοιπὴν

154 1537 336 1591 δύναμιν
367 1532 607 1591 ἀπαγαγών
635 1538 942 1590 χειμεριοῦσαν
973 1536 1035 1586 εἷς
1063 1536 1140 1594 τὴν
1171 1541 1346 1591 Συρίαν.

267 1618 305 1657 6.
344 1616 468 1669 Πρὸς
504 1615 550 1657 δὲ
580 1614 656 1672 τὴν
686 1614 965 1672 ὑποχώρησιν
995 1618 1073 1657 τοῦ
1101 1616 1319 1669 βασιλέως
1344 1611 1508 1664 Ἰούδας
1539 1610 1613 1657 οὐκ
1642 1609 1805 1672 ἠρέμει,

154 1685 515 1736 προσγενομένων
538 1678 578 1724 δ)
616 1682 660 1724 ἐκ
689 1685 766 1725 τοῦ
797 1682 956 1732 ἔθνους
986 1684 1163 1725 πολλῶν
1193 1685 1266 1725 καὶ
1296 1682 1397 1732 τοὺς
1429 1683 1734 1731 διασωθέντας
1764 1679 1808 1723 ἐκ

153 1751 229 1804 τῆς
267 1748 405 1806 μάχης
446 1749 818 1805 ἐπισυγκροτήσας
858 1749 966 1792 κατὰ
1001 1749 1148 1807 κώμην
1173 1746 1414 1792 Ἀκέδασαν
1447 1748 1686 1803 συμβάλλει
1714 1757 1808 1797 τοῖς

150 1813 377 1870 Ἀντιόχου
401 1826 671 1873 στρατηγοῖς,
703 1819 774 1859 καὶ
805 1819 961 1873 ([ανεὶς
991 1832 1168 1870 αριστος
1197 1818 1306 1860 κατὰ
1338 1816 1416 1874 τὴν
1445 1817 1586 1873 μάχην
1617 1814 1808 1864 πολλους

153 1901 201 1927 τε
238 1887 325 1926 τιῦν
364 1886 589 1938 πολεμίων
629 1880 892 1934 ἀποκτείνας
932 1881 1177 1938 ἀναιρεῖται
1214 1887 1284 1927 καὶ
1321 1881 1431 1938 μεθ’
1465 1881 1628 1942 ἡμέρας
1658 1879 1808 1938 ὀλίγας

164 1949 176 1964 t

155 1969 176 1994 ο
227 1947 419 2007 ἀδελφὸς
460 1947 593 1993 αἰτοῦ
626 1946 827 2008 [wczvvgwg
866 1951 1203 2006 έμῑιβοιλειθεὶς
1241 1948 1328 1994 ὑπὸ
1368 1954 1455 1994 τῶν
1489 1951 1544 1993 τὰ
1580 1946 1805 2004 Ἀντιόχου

157 2018 435 2076 φρονούντων
465 2019 538 2059 τελ
543 2034 658 2060 ευτα.

268 2099 322 2140 II.
357 2101 393 2139 1.
415 2096 740 2150 Διαδεξάμενος
771 2096 817 2138 δὲ
847 2098 1000 2138 τοῦτον
1032 2094 1053 2139 ὁ
1087 2093 1279 2153 ἀδελφὸς
1294 2093 1506 2154 Ἰωνάθης
1535 2095 1590 2138 τά
1619 2112 1666 2138 τε
1697 2092 1808 2138 ἅλλα

267 2274 470 2309 AMLVNC
496 2274 564 2308 Lat
588 2273 812 2318 Hegesippus
836 2273 853 2307 I
880 2277 895 2308 1
922 2285 957 2318 p.
982 2277 1003 2308 4
1029 2273 1157 2308 Suidas
1182 2284 1211 2309 s.
1236 2273 1515 2311 ἐπικατέσεισεν
1530 2303 1537 2310 .
1554 2271 1711 2311 εὔκλεια.

271 2335 282 2365 1
313 2329 510 2378 φάλαγγας
535 2351 575 2354 -
602 2331 622 2373 ξ
642 2333 683 2364 60
708 2340 742 2374 p.
770 2333 822 2370 15,
848 2332 867 2363 2
891 2332 954 2365 καὶ
978 2327 1048 2375 φεύ
1072 2329 1204 2364 absunt
1227 2341 1298 2365 uno
1323 2330 1407 2365 folio
1432 2331 1550 2366 exciso
1567 2331 1599 2364 A
1688 2327 1808 2367 Ἑλεά-

157 2392 273 2435 ζαρος
297 2409 338 2412 -
364 2391 383 2422 9
407 2386 656 2433 ἐπιβαλέσθαι
681 2386 788 2421 habet
815 2386 901 2420 Suid
925 2385 1089 2420 breuiata
1111 2388 1248 2420 mutata
1385 2382 1419 2427 ὁ]
1445 2396 1474 2420 S.
1494 2386 1525 2420 L
1550 2397 1617 2421 om.
1640 2386 1707 2421 VN

158 2448 176 2478 2
202 2442 271 2481 τὸν
303 2441 560 2490 ὑψηλότατον]
594 2440 639 2478 τὸ
664 2439 947 2488 μεγαλότατον,
978 2455 1075 2487 μέγα
1099 2442 1122 2475 i.
1148 2451 1218 2475 ras.
1245 2451 1337 2476 man.
1362 2444 1495 2476 recent.
1520 2441 1554 2475 N
1646 2447 1667 2477 4
1692 2438 1808 2480 αὐτοῦ

157 2512 201 2535 ex
219 2496 336 2537 αὐτὸν
361 2510 451 2535 corr.
469 2499 501 2534 V
570 2497 815 2545 προεκτρὲχει
839 2508 883 2533 ex
907 2498 984 2533 cod.
1002 2498 1101 2532 Bodl.
1120 2497 1280 2532 Bernard
1371 2500 1390 2531 6
1417 2494 1483 2542 οὐχ
1510 2494 1595 2533 οἶόν
1618 2511 1659 2534 τε
1674 2499 1708 2533 Ν
1732 2501 1768 2534 et
1783 2499 1806 2533 i.

157 2567 267 2600 marg.
284 2557 317 2592 V
400 2559 418 2590 8
437 2554 583 2601 δράσασ
600 2554 716 2590 πλέον
732 2557 877 2594 (πλεῖον
893 2554 992 2594 Suid)
1009 2556 1051 2589 tr.
1069 2552 1255 2588 LVNSuid
1335 2559 1413 2594 τοῖς
1430 2563 1498 2588 om.
1513 2553 1728 2589 LVNCSuid

158 2616 177 2646 9
202 2610 361 2658 μεγάλοι
385 2612 411 2646 C
504 2611 717 2655 θέμενος-
733 2613 799 2655 ζῆν
821 2610 945 2644 laudat
969 2610 1053 2645 Suid
1077 2621 1105 2644 s.
1131 2607 1276 2646 εὔκλεια
1373 2612 1412 2642 10
1437 2602 1578 2654 ἰὸιότησ
1603 2608 1630 2643 C
1720 2607 1807 2652 κᾶν]

157 2672 220 2705 καὶ
244 2668 281 2701 Μ
375 2671 410 2702 11
442 2665 476 2711 ὁ]
502 2663 549 2704 ἄν
575 2662 594 2702 ὁ
621 2666 747 2702 LVNC
864 2669 903 2701 13
930 2665 966 2702 οἳ
989 2677 1057 2701 om.
1083 2666 1110 2701 C
1216 2668 1255 2699 15
1279 2666 1342 2700 καὶ
1366 2668 1448 2698 ante
1472 2666 1571 2714 δεξιᾷ
1594 2675 1660 2699 om.
1685 2665 1718 2700 V

161 2728 201 2759 16
224 2721 442 2770 γνοφιτικὴν
466 2730 500 2763 (ο
525 2734 568 2757 ex
593 2737 622 2758 ω
649 2733 738 2757 corr.
762 2723 808 2763 V)
832 2722 898 2757 VN
1003 2724 1042 2756 19
1069 2717 1192 2768 οἷποχ·
1207 2720 1332 2767 ρήσειν
1357 2721 1383 2755 C
1483 2722 1524 2754 22
1550 2721 1805 2766 προσγενομέ-

158 2783 244 2821 νων]
270 2780 472 2814 accessione
498 2799 537 2803 —
565 2779 744 2813 animatus
767 2778 838 2812 Lat
939 2777 977 2814 δὲ
993 2778 1091 2812 LVN
1208 2781 1248 2811 23
1281 2773 1491 2816 Ἀκέδασαν]
1525 2775 1638 2811 adasa
1662 2779 1809 2819 (accus.)

157 2837 239 2877 Lat,
264 2835 356 2869 unde
379 2831 535 2871 Ἀὁασὰν
559 2834 718 2874 Hudson,
743 2834 787 2868 ef.
805 2836 891 2870 Ant.
915 2834 985 2869 XII
1008 2837 1085 2870 408.
1109 2836 1173 2868 422
1185 2844 1235 2877 sq.
1383 2834 1425 2866 24
1448 2832 1470 2866 i.
1495 2841 1603 2875 marg.
1629 2829 1664 2875 ς’
1690 2832 1717 2868 C

159 2895 198 2926 27
225 2893 379 2940 τελευτᾷ
404 2901 470 2925 om.
496 2889 561 2923 LN
654 2893 696 2924 28
720 2890 743 2925 i.
768 2901 876 2934 marg.
903 2887 936 2933 ς’
962 2891 994 2926 V

1837 875 1873 907 10

1839 1219 1876 1250 15

1839 1556 1877 1588 20

1838 1907 1875 1939 25
