1987 3246
170 173 360 209 XXXVIII
900 169 1092 204 Praefatio.

171 288 239 330 LC
279 285 606 338 suffragantibus
636 280 803 326 Latino*
827 289 868 325 et
899 283 1052 335 Suida,
1095 295 1202 336 quae
1242 283 1319 325 etsi
1358 296 1459 325 uera
1498 296 1579 324 non
1618 281 1824 333 uidentur,

170 368 253 395 non
292 359 430 394 tamen
469 352 613 404 inepta
654 355 768 403 sunt;
809 350 991 403 denique
1027 364 1068 403 p.
1099 351 1194 403 502,
1225 352 1248 391 3
1280 348 1675 400 προσκαθέζεσθαι
1710 353 1824 390 recte

172 420 253 472 LO,
285 415 687 472 παρακαθέζεσθαι
719 417 868 469 reliqui
888 417 924 465 ¹).

283 485 389 527 Sunt
432 491 572 526 autem
612 498 720 538 quae
762 484 793 526 O
831 484 944 525 solus
983 483 1141 536 tradat,
1189 483 1232 524 in
1279 484 1429 536 quibus
1479 483 1687 537 quaedam
1731 486 1827 524 sunt

173 553 362 605 egregia3
404 553 521 593 uelut
551 565 590 605 p.
617 555 652 605 7,
679 554 728 592 14
760 564 853 593 cum
883 551 1035 603 reliqui
1065 547 1253 590 Σόσσιον
1285 549 1528 603 exhibeant,
1560 554 1672 592 recte
1709 548 1827 591 dedit

172 618 381 669 Κέστιον,
431 619 544 672 quod
588 623 727 672 potest
765 623 903 659 tamen
945 617 1184 659 coniectura
1221 621 1430 670 repertum
1470 630 1574 659 esse.
1644 616 1826 668 denique

172 701 210 740 p.
242 688 308 738 23,
340 689 362 727 3
402 690 514 727 recte
554 686 748 738 praebuit
779 686 953 736 θι-μιῦν,
992 684 1144 737 reliqui
1174 688 1246 725 aut
1276 677 1413 736 ὅρκων
1444 688 1516 724 aut
1546 682 1824 735 εὐθύμουνῖ).

173 753 388 806 egregium
411 758 474 794 est
501 752 614 804 quod
635 766 675 806 p.
702 753 791 805 186,
816 756 838 792 e
872 752 989 793 dedit
1019 746 1124 791 καθ’
1162 745 1281 806 ᾅδου,
1313 749 1426 802 quod
1457 751 1585 791 ceteri
1615 751 1656 791 in
1687 746 1827 790 καθό-

173 820 248 860 λου
287 823 572 873 corruperunt.
631 832 670 873 p.
701 821 796 872 493,
829 822 876 859 17
919 819 1031 860 solus
1070 817 1237 859 addidit
1267 817 1702 870 ozaocaowhquod
1733 829 1827 858 eum

172 886 227 928 ad
247 887 498 928 sententiam
519 886 802 928 necessarium
825 885 992 927 uidetur
1016 889 1102 926 tum
1134 884 1402 926 confirmatur
1425 884 1596 925 Eusebii
1629 888 1669 925 et
1689 884 1827 936 Hege-

173 954 284 1007 sippi
328 954 588 996 auctoritate.
644 966 684 1006 p.
717 954 810 1004 520,
843 956 866 994 9
914 949 1152 1005 στενοτέρῳ
1197 955 1310 993 recte
1356 950 1485 992 tradit
1528 964 1621 992 cum
1663 951 1827 1003 Latino,

171 1018 458 1074 γενναιοτέρα)
497 1020 648 1072 reliqui
665 1022 708 1068 3).
769 1018 875 1060 haec
912 1019 1101 1072 pluribus
1133 1018 1247 1060 dicta
1278 1022 1393 1070 sunt,
1434 1030 1487 1058 ne
1518 1017 1702 1070 iniquius
1734 1029 1828 1059 cum

173 1087 319 1130 codice
360 1088 497 1140 egisse
528 1086 770 1139 uideamur3
813 1084 1026 1127 fatendum
1069 1087 1179 1127 enim
1211 1089 1274 1127 est
1305 1085 1435 1126 multa
1466 1085 1507 1125 in
1539 1097 1588 1125 eo
1620 1084 1758 1125 inesse
1789 1088 1830 1125 et

173 1155 320 1208 grauia
342 1155 457 1195 uitia.
518 1167 600 1195 non
622 1167 673 1195 ea
692 1153 886 1205 dicimus,
920 1166 1028 1206 quae
1050 1153 1178 1195 solius
1201 1153 1236 1193 V
1240 1153 1414 1193 rbinatis
1437 1156 1531 1193 sunt
1553 1152 1654 1193 satis
1685 1151 1828 1202 multa,

173 1221 248 1264 sed
289 1235 359 1273 ea,
401 1233 508 1273 quae
549 1225 589 1261 et
620 1219 662 1261 in
694 1220 725 1261 C
758 1224 798 1262 et
828 1221 870 1261 in
903 1221 1051 1262 ceteris
1083 1220 1275 1261 omnibus
1307 1219 1375 1260 uel
1409 1219 1600 1272 plurimis
1640 1217 1828 1259 eiusdem

171 1287 357 1330 familiae
388 1287 505 1329 libris
539 1291 682 1328 extant
697 1287 749 1340 4),
787 1299 962 1340 quorum
994 1287 1158 1339 insigne
1191 1287 1431 1339 exemplum
1465 1286 1499 1327 is
1529 1286 1646 1327 locus
1677 1297 1828 1338 suppe-

173 1355 298 1407 ditat,
341 1355 411 1407 qui
451 1354 619 1406 saepius
659 1358 911 1395 memoratus
951 1358 1032 1406 est,
1075 1366 1115 1406 p.
1147 1355 1239 1407 465,
1274 1355 1310 1394 S.
1370 1352 1484 1394 idem
1522 1352 1830 1394 demonstratur

173 1421 313 1463 multis
352 1421 448 1462 aliis
486 1421 606 1462 locis.
679 1420 795 1462 uelut
833 1433 872 1472 p.
907 1422 1000 1473 367,
1034 1421 1082 1460 12
1125 1414 1199 1460 οὐκ
1239 1417 1284 1467 ἐξ
1328 1413 1560 1472 ἀρχιερέων
1600 1422 1738 1472 extat,
1787 1422 1830 1459 at

174 1489 214 1529 in
236 1488 268 1530 C
293 1483 468 1536 ἀνάξιος
492 1482 724 1539 ἀρχιερεὺς,
758 1491 798 1528 et
824 1500 863 1540 p.
883 1490 977 1541 475,
1003 1489 1054 1528 13
1087 1484 1296 1539 περιττὸν
1321 1481 1468 1534 αὐτοῖς
1500 1484 1630 1534 δόξαν
1662 1483 1829 1539 φυλατ-

171 1570 261 1595 τειν
311 1552 360 1596 τό
410 1562 552 1606 τεῖχος
591 1554 717 1596 tradit
759 1553 810 1605 C;
863 1554 938 1596 sed
976 1558 1088 1596 recte
1137 1551 1371 1608 φυλάττειν
1412 1567 1438 1594 a
1478 1553 1652 1606 reliquis
1692 1552 1826 1594 abest.

173 1623 341 1675 aliaque
373 1628 467 1664 sunt
499 1636 573 1676 per
603 1627 734 1664 totum
768 1621 924 1662 bellum
951 1621 1167 1663 Iudaicum
1199 1621 1421 1675 permulta,
1454 1621 1605 1674 quibus
1636 1618 1826 1671 efficitur,

173 1693 217 1730 ut
249 1689 429 1731 Vrbinas
470 1691 643 1743 eiusque
682 1689 913 1730 familiares
949 1689 1057 1730 inter
1087 1689 1264 1742 gentiles
1296 1689 1462 1742 generis
1494 1687 1735 1739 deterioris,
1777 1699 1830 1727 ex

174 1769 256 1809 quo
293 1761 388 1798 sunt
419 1757 602 1808 oriundi,
644 1756 857 1798 deterrimi
889 1755 1202 1808 quodammodo
1234 1755 1348 1797 haud
1380 1756 1531 1796 iniuria
1561 1756 1703 1798 uocari
1734 1768 1827 1809 pos-

175 1824 267 1864 sint.
326 1836 455 1876 quare
495 1824 621 1864 etiam
663 1836 755 1864 cum
796 1823 971 1864 meliora
1010 1823 1174 1864 tradere
1206 1823 1391 1876 uidetur,
1432 1827 1572 1864 tamen
1603 1823 1829 1875 diligenter

175 1890 482 1932 examinandus
515 1896 596 1944 est,
637 1890 767 1931 ueluti
798 1904 837 1943 p.
869 1892 934 1942 29,
966 1892 1013 1930 18
1046 1889 1158 1942 quod
1190 1888 1449 1943 τετρακόσια
1479 1887 1673 1930 τάλαντα
1703 1888 1831 1931 tradit

173 1970 257 1998 non
294 1955 525 2008 τριακόσια
555 1957 732 2011 probum
762 1957 897 1998 uideri
929 1962 1079 2010 potest,
1112 1957 1307 2009 quoniam
1340 1957 1451 1998 idem
1484 1957 1637 2010 legitur
1668 1957 1709 1997 in
1731 1957 1826 1998 Ant.

174 2023 263 2064 Iud.
294 2023 395 2065 XIV
427 2026 498 2077 30,
541 2024 615 2066 sed
647 2024 830 2076 suspicio
863 2027 945 2075 est,
983 2023 1027 2065 id
1059 2037 1111 2065 ex
1143 2024 1382 2065 coniectura
1413 2037 1466 2064 ex
1496 2023 1828 2076 Antiquitatibus

175 2091 216 2131 in
247 2090 279 2133 C
319 2091 492 2132 inlatum
533 2104 636 2133 esse.
697 2091 866 2131 minime
906 2091 1016 2132 enim
1055 2091 1089 2132 is
1121 2091 1192 2143 qui
1223 2089 1329 2132 haec
1359 2090 1528 2142 aliaque
1558 2090 1829 2144 interpolauit

176 2157 301 2199 homo
342 2158 419 2199 fuit
458 2157 648 2199 indoctus
688 2162 760 2199 aut
799 2158 1004 2210 ineptus3.
1027 2157 1096 2209 qui
1137 2156 1237 2209 quid
1276 2156 1459 2210 potuerit
1495 2156 1679 2197 maxime
1715 2157 1827 2198 cerni

174 2229 312 2278 potest
343 2225 382 2265 in
410 2225 646 2267 nominibus
669 2225 919 2277 quibusdam
941 2224 1136 2277 Iudaicis,
1169 2235 1277 2276 quae
1296 2236 1405 2264 nunc
1427 2222 1699 2264 memoranda
1720 2228 1826 2265 sunt.

290 2348 318 2383 1)
344 2355 537 2380 consensus
562 2346 652 2379 inter
673 2346 698 2380 C
716 2348 751 2379 et
768 2345 814 2385 M,
842 2344 884 2378 de
901 2355 969 2388 quo
987 2354 1095 2388 supra
1112 2343 1242 2377 dictum
1262 2346 1315 2378 est
1332 2346 1378 2387 (p.
1394 2343 1556 2386 XXXII),
1573 2343 1643 2376 alio
1660 2342 1824 2386 pertinet,

176 2410 254 2434 cum
278 2401 362 2435 talia
387 2401 425 2435 M
452 2411 495 2435 ex
520 2402 722 2436 recensione
749 2401 774 2435 C
800 2401 981 2444 accepisse
1013 2399 1188 2434 uideatur.
1350 2402 1380 2437 2)
1406 2403 1594 2443 utrumque
1627 2408 1669 2432 ex
1696 2401 1828 2442 θυμῶν

175 2462 381 2501 corruptum
412 2457 570 2499 uidetur;
607 2467 686 2491 cum
716 2457 808 2491 enim
842 2456 978 2490 litteras
1003 2459 1029 2491 θ
1054 2459 1089 2489 et
1114 2468 1153 2497 0,
1185 2469 1211 2498 μ
1237 2458 1272 2489 et
1295 2469 1318 2490 κ
1348 2455 1440 2488 inter
1464 2465 1501 2489 se
1526 2455 1596 2489 sint
1619 2453 1828 2495 simillimae,

174 2515 307 2555 θυμῶν
330 2512 426 2546 haud
451 2512 594 2547 difficile
617 2513 654 2547 in
681 2506 808 2559 ὅρκων
840 2511 971 2545 mutari
1003 2512 1129 2555 potuit.
1292 2514 1324 2551 3)
1349 2511 1431 2545 addi
1462 2514 1582 2555 potest
1610 2510 1700 2544 alius
1725 2509 1826 2543 locus

177 2570 253 2608 561,
277 2570 304 2609 1,
323 2568 384 2602 ubi
401 2568 641 2613 φθασθέντες
664 2569 817 2602 traditur
833 2568 869 2601 in
887 2567 1069 2602 codicibus
1086 2567 1246 2602 Parisino
1268 2569 1352 2602 1426
1370 2566 1589 2601 Berolinensi
1605 2565 1826 2608 Redigerano

174 2622 356 2658 Vrbinatis
373 2624 661 2668 consanguineisg
679 2634 761 2658 nam
774 2624 928 2658 Vrbinas
941 2624 1018 2667 ipse
1031 2624 1098 2658 hoc
1113 2623 1190 2658 loco
1206 2634 1284 2658 cum
1298 2623 1328 2656 L
1343 2622 1553 2668 φθαρέντες
1566 2621 1673 2656 tradit
1685 2620 1824 2655 uitiose.

174 2681 212 2712 at
243 2689 278 2722 p.
305 2682 380 2722 535,
409 2683 448 2714 13
479 2680 593 2714 minus
625 2682 722 2715 recte
752 2690 830 2714 eum
863 2679 1020 2714 dedimus
1052 2682 1242 2715 uerborum
1272 2678 1446 2719 ordinem,
1479 2688 1581 2721 quem
1607 2676 1632 2711 C
1664 2676 1823 2720 exhibet,

174 2744 255 2768 nam
278 2735 516 2779 reponendum
538 2739 614 2770 erat
629 2736 664 2770 id
681 2735 774 2780 quod
790 2735 960 2770 exhibent
976 2735 1114 2779 reliqui:
1141 2730 1292 2778 α’λαζών
1308 2732 1381 2780 γάρ
1406 2747 1460 2776 τις
1481 2728 1526 2778 ἢν
1549 2729 1651 2780 αὑτῷ
1675 2729 1825 2777 σφόδρα

173 2791 237 2824 καὶ
261 2793 337 2826 τῶν
354 2788 548 2835 Ῥωμαίων
563 2788 815 2838 ὑπερήφανος,
840 2789 982 2837 Πούδης
999 2804 1053 2832 τις
1071 2787 1193 2834 ὄνομα
1210 2792 1277 2825 etc.
1371 2793 1403 2832 4)
1428 2800 1498 2824 non
1515 2788 1664 2823 dicimus
1683 2787 1825 2823 codices

174 2844 251 2888 VR,
270 2846 330 2880 sed
348 2856 419 2888 eos,
445 2848 504 2891 qui
529 2858 607 2882 cum
631 2848 656 2882 C
681 2847 869 2892 peculiaris
887 2847 1134 2881 familiaritatis
1152 2847 1293 2881 uinculo
1311 2848 1394 2882 sunt
1411 2845 1598 2887 coniuncti,
1626 2843 1823 2884 Parisinos‚

175 2900 438 2937 Berolinensem
463 2903 631 2947 aliosque,
656 2904 698 2938 de
723 2904 848 2947 quibus
873 2902 967 2937 infra
991 2902 1137 2937 dicetur.
