2018 3236
226 151 304 188 598
619 149 683 182 DE
710 147 865 181 BELLO
890 147 987 182 IUD.
1012 146 1080 181 V11
1105 149 1282 181 210—217
1308 151 1355 190 (v1
1383 153 1409 178 5«
1440 152 1469 188 6)

116 266 191 306 211
228 261 425 315 σολόμων
446 262 514 302 καὶ
538 262 876 312 ΖΙἸαχοιροῦντος
898 254 1200 312 ἀποδράντων.
1252 257 1396 300 ἐλθών
1419 250 1493 301 οὖν
1524 258 1596 301 ἐπὶ
1629 259 1704 302 τὸν
1733 260 1872 303 τόπον

223 331 291 372 καὶ
318 328 442 384 γνοίς
473 326 547 382 τὴν
580 322 780 381 ἀγγελίαν
812 321 887 366 οὐκ
918 324 1188 382 ἐψευσμένην
1219 327 1395 379 πρῶτον
1425 326 1504 378 μὲν
1533 335 1626 376 τοῖς
1660 327 1871 370 ἱππεῦσιν

222 392 341 437 ἅπαν
370 394 595 435 κυκλοῦται
627 392 675 435 τὸ
706 395 878 447 χωρίον,
911 386 1034 442 ὅπως
1063 401 1157 442 τοῖς
1188 392 1503 435 διεκπαίεσθαι
1535 395 1754 448 τολμῶσιν
1785 397 1870 437 τῶν

215 459 434 505 Ἰουδαίων
458 457 626 515 ἄπορος
646 456 670 515 ἡ
704 458 815 515 φυγὴ
846 462 1018 515 γίνηται
1050 458 1122 502 διὰ
1152 458 1254 509 τοὺς
1285 460 1472 510 ἱππέας·
1504 459 1605 510 τοὺς
1637 460 1683 503 δὲ
1714 461 1870 512 πεζοὺς

110 533 189 571 212
220 528 436 570 ἐκέλευσεν
476 527 777 581 δενδροτομεῖν
807 525 883 581 τὴν
924 522 1048 583 ἕλην,
1089 525 1151 576 εἷς
1195 525 1246 584 ἣν
1290 527 1691 583 καταπεφεύγεσαν.
1739 532 1872 571 καθί-

220 611 397 637 στανται
421 594 465 635 δὲ
489 592 561 635 διὰ
583 595 710 636 τοῦτο
732 593 846 648 πρὸς
868 589 1053 650 ἀνάγκην
1076 594 1117 635 οἶ
1132 589 1337 636 Ἰουδαῖοι
1358 596 1435 636 τοῦ
1467 594 1572 648 δρᾶν
1601 612 1643 637 τι
1673 604 1870 650 γενναῖον

219 659 275 710 ὡς
314 660 357 702 ἐκ
395 659 653 715 παραβόλου
691 656 1001 715 ἀγωνίσασθαι
1031 660 1141 714 τάχα
1174 654 1226 703 ἂν
1256 663 1327 704 καὶ
1359 660 1666 717 διαφυγόντες,
1706 657 1869 717 ἆθρόοι

110 732 189 771 213
221 728 265 769 δὲ·
303 728 372 769 καὶ
412 726 521 780 μετὰ
561 729 667 782 βοῆς
707 724 887 783 ᾄξαντες
926 727 1163 771 ἐνέπιπτον
1201 738 1295 778 τοῖς
1332 730 1682 783 κεκυκλωμένοις.
1742 731 1783 772 οἱ
1824 726 1865 772 δ)

219 790 375 843 αἶ’τους
396 794 591 846 ἐδέχοντο
614 797 843 849 καρτερῶς,
874 797 946 838 καὶ
968 796 1112 852 πολλῇ
1133 797 1219 837 τῶν
1239 796 1317 850 μὲν
1340 791 1534 853 ἀπονοία
1553 799 1639 838 τῶν
1662 797 1708 839 δὲ
1740 799 1869 853 φιλο-

218 865 353 917 νεικίᾳ
372 863 605 915 χρωμένων
622 861 778 914 χρόνος
798 861 876 915 μὲν
908 857 982 904 οὐκ
1012 858 1158 918 ὀλίγος
1190 862 1263 905 διὰ
1295 865 1423 906 τοῦτο
1454 865 1506 919 τῇ
1536 863 1649 920 μάχῃ
1682 864 1866 922 προύβη,

105 932 184 971 214
215 929 337 977 τέλος
376 924 416 969 δ’
461 924 591 985 αὐτῆς
631 925 704 982 οὐχ
744 924 898 983 ὅμοιον
938 925 1080 984 ἀπέβη
1120 939 1213 980 τοῖς
1245 926 1602 985 ἀγωνισαμένοις.
1647 929 1867 986 Ῥωμαίων

216 995 294 1047 μὲν
330 994 412 1050 γὰρ
444 995 611 1037 δώδεκα
641 995 742 1046 τοὺς
775 995 943 1046 πάντας
975 996 1130 1054 συνέβη
1163 1007 1316 1040 πεσεῖν
1347 994 1521 1053 ὀλίγους
1550 1014 1597 1040 τε
1625 1001 1866 1056 τρωθῆναι,

212 1057 431 1104 Ἰουδαίων
463 1062 509 1103 δὲ
541 1062 584 1105 ἐκ
614 1066 690 1121 τῆς
719 1063 858 1120 μάχης
887 1063 1046 1120 ταύτης
1078 1060 1221 1114 οὐδεὶς
1253 1065 1473 1121 διέφυγεν,
1507 1061 1605 1106 ἀλλ’
1641 1062 1761 1115 ὄντες
1793 1062 1867 1108 οὐκ

105 1134 183 1172 215
216 1127 419 1178 ἐλάττους
463 1132 715 1183 τρισχιλίων
760 1131 923 1180 πάντες
969 1127 1223 1184 ἀπέθανον,
1268 1135 1339 1175 καὶ
1386 1130 1406 1174 ὁ
1451 1132 1690 1188 στρατηγὸς
1727 1128 1867 1175 αὐτῶν

208 1190 372 1245 Ἰούδας
403 1193 424 1237 ὁ
457 1199 533 1238 τοῦ
559 1192 684 1252 Ἀρεῖ.
712 1207 838 1249 παῖς,
880 1200 981 1251 περὶ
1015 1194 1063 1240 οὗ
1094 1199 1312 1254 πρότερον
1343 1199 1572 1257 εἰρήκαμεν
1604 1194 1673 1242 ὅτι
1702 1199 1868 1250 τάξεως

213 1259 447 1317 ἡγούμενός
467 1280 586 1314 τινος
608 1264 651 1307 ἐν
671 1267 725 1321 τῇ
747 1267 983 1321 πολιορκίᾳ
1004 1268 1091 1308 τῶν
1109 1263 1418 1321 Ἱεροσολύμων
1439 1266 1548 1309 κατά
1571 1282 1694 1316 τινας
1716 1266 1867 1317 διαδὺς

212 1331 297 1371 τῶν
327 1327 563 1384 ὑπονόμων
595 1331 756 1374 ἔλαθεν
788 1329 1001 1387 ἀποδράς.

103 1401 183 1440 216
326 1401 362 1440 6.
404 1400 517 1452 Περὶ
557 1398 603 1440 δὲ
641 1398 717 1442 τὸν
757 1395 887 1442 αὐτὸν
926 1399 1077 1454 καιρὸν
1117 1399 1343 1442 ἐπέστειλε
1382 1405 1556 1455 Καῖσαρ
1592 1400 1756 1457 Βάσσῳ
1794 1403 1864 1444 καὶ

211 1468 425 1520 Λαβερίῳ
448 1465 659 1521 ΖΠαξίμῳ,
693 1464 818 1516 οὗτος
841 1467 886 1509 δὲ
908 1458 959 1523 ἦν
982 1466 1236 1521 ἐπίτροπος,
1267 1467 1453 1509 κελεύων
1474 1469 1624 1510 πᾶσαν
1643 1470 1721 1524 γῆν
1751 1465 1866 1511 ἀπο-

104 1534 182 1574 217
215 1531 380 1574 δόσθαι
403 1534 490 1574 τῶν
506 1528 742 1576 Ἰουδαίων.
794 1529 841 1575 οὗ
864 1533 945 1588 γὰρ
967 1534 1204 1589 κατῴκισεν
1227 1533 1314 1576 ἐκεῖ
1333 1534 1465 1577 πόλιν
1493 1534 1610 1578 ἰδίαν
1642 1533 1758 1590 αὕτη]
1789 1534 1865 1590 την

207 1598 353 1654 χώραν
380 1599 623 1655 φυλάττων,
656 1595 930 1651 ὀκτακοσίοις
962 1602 1007 1643 δὲ
1036 1601 1189 1655 μόνοις
1221 1598 1309 1644 άπὸ
1342 1604 1419 1657 τῆς
1451 1605 1659 1658 στρατιᾶς
1690 1604 1862 1659 διαφει-

211 1668 358 1719 μένοις
398 1670 559 1719 χωρίον
599 1667 754 1709 ἔδωκεν
795 1667 856 1717 εἷς
895 1670 1167 1724 κατοίκησιν,
1215 1668 1237 1710 ὂ
1277 1671 1471 1712 καλεῖται
1512 1670 1590 1723 μὲν
1626 1666 1862 1724 Ἀμμαοῦς,

323 1822 552 1857 PAMLVRC
561 1823 630 1857 Lat
639 1823 795 1858 Zonaras
812 1824 830 1858 I
847 1835 881 1867 p.
901 1828 977 1858 557.

322 1880 340 1911 2
365 1878 626 1925 εψευσ·μένην
649 1880 681 1912 Α
751 1882 769 1913 3
795 1880 1031 1916 ὁιεκπέεσθαι
1049 1879 1132 1915 V¹R
1201 1883 1222 1914 4
1246 1881 1414 1926 γίγνηται
1439 1882 1514 1926 (γίγ
1538 1891 1581 1915 ex
1599 1891 1689 1916 corr.
1715 1893 1759 1918 m.
1779 1884 1798 1916 2
1818 1883 1862 1923 V)

207 1933 302 1968 VRC
417 1931 473 1970 διὰ
500 1932 587 1977 τοὺς
610 1935 745 1977 ἱππέας
769 1936 915 1970 damnat
938 1936 1115 1971 Destinon
1230 1935 1383 1980 πεζοὺσ,
1406 1950 1424 1972 ε
1448 1937 1471 1971 i.
1497 1947 1567 1972 ras.
1594 1939 1726 1973 maiore
1750 1939 1779 1972 L

209 1993 227 2023 5
252 1988 397 2026 ἐκέλευε
421 1990 561 2026 AMVR
654 1995 670 2025 7
698 1988 748 2033 ὡς
774 2012 814 2016 —
841 1990 1095 2038 διαφυγόντες]
1122 1993 1221 2027 uelut
1245 2004 1294 2027 esc
1325 1993 1458 2027 audaci
1485 1994 1678 2028 certamine
1700 1994 1862 2037 fortasse

205 2046 334 2089 fuglam
359 2046 463 2080 eliam
488 2049 673 2091 reperturi
695 2048 765 2082 Lat
797 2044 848 2089 ὡς
878 2046 1155 2094 ἕκπαραβόλως
1186 2045 1463 2094 ἀγωνισάμενοι
1497 2045 1594 2094 τάχα
1623 2046 1672 2085 ἄν
1700 2052 1763 2085 καὶ
1788 2053 1861 2086 δια-

207 2100 361 2146 φύγοιεν
385 2101 534 2136 Hudson
628 2100 689 2145 ὡς]
714 2105 777 2139 καὶ
803 2104 977 2138 Destinon
1076 2102 1314 2151 παραβόλου]
1340 2103 1559 2138 A¹MLVRG
1584 2104 1807 2152 παραλόγου
1834 2107 1860 2141 Ρ

207 2159 274 2193 τοῦ
298 2155 534 2204 παραβόλωσ
558 2168 600 2192 ex
626 2169 718 2194 corr.
745 2161 776 2193 A
846 2157 944 2205 τάχα
968 2180 1012 2186 -
1037 2163 1056 2195 8
1081 2158 1238 2211 ᾄξαντες
1261 2160 1340 2204 ἐνέΙΙ
1365 2161 1387 2195 i.
1412 2171 1482 2195 ras.
1510 2164 1550 2195 25
1575 2161 1649 2196 fere
1672 2161 1739 2196 litt.
1764 2162 1792 2196 P

208 2208 348 2258 α’θρόοι
366 2214 403 2249 δὲ
419 2224 487 2248 om.
507 2214 534 2247 P
627 2210 766 2261 ἁθρόοι
784 2215 816 2250 V
909 2218 927 2250 8
954 2217 1003 2257 δἐ]
1029 2216 1068 2261 δὴ
1087 2216 1153 2251 VR
1177 2230 1217 2253 τε
1235 2216 1341 2251 Niese
1411 2215 1585 2260 ἀίξαντεσ
1610 2217 1711 2253 codd.
1782 2224 1861 2261 τοῖς

207 2269 516 2313 κεκυκλωμένοισ,
541 2270 607 2305 litt.
634 2277 719 2306 τοῖσ
741 2285 765 2307 κ
788 2271 810 2305 i.
829 2281 897 2306 ras.
925 2275 944 2306 3
968 2272 1047 2313 litt„
1071 2286 1092 2307 v
1116 2273 1139 2306 i.
1163 2281 1233 2307 ras,
1252 2272 1290 2306 M
1314 2279 1399 2309 τοῖσ
1422 2274 1677 2318 κεκλωμένοισ
1694 2274 1753 2308 LO
1823 2275 1861 2311 δὲ

208 2324 350 2359 VRZon
423 2328 460 2359 10
475 2323 636 2371 προύβη]
649 2325 780 2373 ἐτρίβη
793 2327 868 2362 Zon
940 2331 977 2362 11
994 2328 1032 2364 δὲ
1044 2328 1187 2363 VRZon
1258 2325 1379 2375 αὐτῆς]
1394 2326 1526 2366 αὖτοῖσ
1539 2331 1617 2364 PA¹
1631 2341 1779 2376 puqnae
1790 2330 1861 2365 Lat

208 2377 299 2425 αὐτῇ
316 2381 390 2415 Zon
484 2385 523 2416 12
547 2383 617 2426 μὲν
640 2394 707 2418 om.
726 2383 828 2416 PAM
922 2387 960 2418 13
986 2387 1063 2420 τῶν
1079 2385 1255 2422 ἰουδαίων
1279 2386 1317 2422 δὲ
1341 2383 1388 2428 (δ’
1406 2385 1479 2428 LO)
1495 2386 1695 2421 AMLVRC
1720 2388 1796 2422 τῶν
1820 2386 1858 2422 δὲ

204 2428 386 2472 Ἰουδαίων
403 2437 477 2471 Zon
547 2433 632 2473 ἄλλ’
652 2436 769 2481 ὄντες]
788 2435 950 2477 ἁλόντεσ
966 2440 1026 2474 PL
1058 2438 1221 2477 ἁλόντεσ
1245 2438 1280 2477 ‹5'
1298 2444 1330 2476 A
1354 2437 1447 2478 ἀλλὰ
1481 2439 1593 2478 ὄντεσ
1609 2441 1675 2477 VR
1700 2438 1857 2483 ἁλόντες

206 2491 243 2526 δὲ
266 2493 329 2526 καὶ
352 2492 426 2526 Zon
509 2495 549 2526 14
576 2491 595 2528 ὁ
623 2504 690 2528 om.
716 2494 842 2530 LVRC
937 2500 976 2531 15
1002 2500 1071 2532 τοῦ
1094 2495 1200 2542 Ἀρεῖ]
1230 2498 1339 2543 qgsarz?
1370 2498 1438 2533 Lat
1459 2493 1616 2545 Ἰαείρου
1640 2497 1789 2532 Hudson
1813 2507 1856 2531 ex

205 2546 256 2580 VI
280 2549 333 2588 92,
359 2547 419 2581 ubi
442 2543 596 2594 Ἰαείρου
623 2554 705 2584 ante
729 2551 900 2586 edebatur
971 2548 1032 2598 ἆρὶ
1056 2553 1086 2587 L
1171 2552 1375 2600 πρότερον]
1401 2555 1467 2589 hoc
1493 2558 1576 2588 ante
1599 2564 1670 2588 non
1695 2553 1856 2587 narrauit

204 2601 376 2646 Iosephus
471 2606 508 2637 17
534 2601 706 2651 ὺποδρὰσ
730 2606 844 2642 LVR¹
939 2611 977 2643 18
1002 2610 1024 2643 i.
1050 2619 1158 2653 marg.
1183 2607 1238 2654 κζ’
1265 2610 1291 2644 C
1376 2611 1414 2647 δὲ
1439 2621 1507 2645 om.
1532 2611 1565 2643 A
1656 2607 1853 2646 ἀπέστειλε

205 2658 242 2691 Μ
266 2656 461 2694 ἐπέστελλε
486 2659 515 2693 L
630 2658 766 2708 Βάσσῳ
790 2672 857 2697 om.
885 2663 955 2697 Lat
1084 2668 1123 2699 19
1149 2667 1342 2715 Λαβερίῳ]
1367 2666 1437 2700 Lat
1468 2667 1623 2713 λιβερίω
1655 2664 1854 2700 PAMVRC

203 2714 364 2759 λεβερίω
387 2713 514 2758 LZon3
541 2715 586 2749 cf.
617 2716 823 2760 Mommsen,
847 2719 984 2762 ephem.
1011 2720 1191 2765 epigraph.
1219 2722 1252 2756 V
1276 2734 1310 2766 p.
1338 2725 1401 2757 614
1535 2717 1572 2757 δ’
1597 2721 1656 2755 LC
1760 2716 1854 2757 ἄπο-

204 2765 349 2809 ὁόσθαι,
377 2766 397 2804 ό
422 2770 443 2804 i.
469 2780 536 2806 ras.
562 2771 593 2805 L
686 2775 727 2806 20
753 2767 840 2819 οὐ-Ι
866 2771 938 2819 γὰρ
965 2779 1068 2814 (eras.
1095 2776 1176 2812 fort.
1199 2781 1235 2822 χ)
1259 2779 1292 2811 Α
1381 2775 1600 2824 κατῴκησεν
1624 2779 1656 2811 Α
1741 2773 1854 2824 αὑτῷ]

201 2824 355 2859 Dindorf
378 2820 479 2861 αὖτιῦ
502 2825 532 2859 L
558 2823 684 2862 αὐτῶν
708 2827 905 2864 PAMVRC
931 2831 963 2864 ei
986 2831 1056 2865 Lat
1161 2835 1198 2866 21
1228 2831 1430 2878 φυλάσσων
1453 2833 1483 2868 L
1598 2832 1854 2879 διαφιεμένοισ

202 2879 376 2916 LVRZon
469 2884 510 2915 22
536 2878 680 2919 ἔδωκαν
703 2884 802 2919 AVR
895 2883 1073 2930 ἁμμαοῦσ
1096 2888 1185 2923 MR²
1209 2889 1399 2924 amassada
1424 2890 1493 2925 Lat

1901 540 1917 570 5

1900 873 1934 906 10

1897 1209 1932 1241 15

1896 1545 1931 1577 20
