2018 3236
87 279 161 319 341

86 477 165 516 342

85 675 163 715 343

87 941 166 981 344

83 1211 162 1251 345

84 1414 164 1454 346

81 1679 159 1720 347

198 164 278 202 614
598 161 664 208 DE
688 159 847 194 BELLO
872 158 969 194 ΗΠ).
994 158 1063 192 vn
1089 160 1264 192 340—347
1290 162 1362 203 (vm
1391 161 1421 200 η

199 292 291 330 ροις
330 273 530 328 ἐνεχείρει
570 271 715 326 λόγοις
754 272 857 325 περὶ
890 272 1031 325 ψυχῆς
1063 264 1338 347 ἆθαῖνασίας,
1375 273 1485 325 μέγα
1514 286 1561 312 τε
1593 271 1852 324 σχετλιάσας

196 344 266 385 καὶ
289 350 381 391 τοῖς
403 339 660 394 δακρύουσιν
683 334 830 387 ἀτενὲς
858 336 1084 392 ἐμβλέψας
1113 335 1166 391 ,,ἠ
1199 337 1421 390 πλεῖστον,
1455 335 1590 389 εἶπεν,
1624 337 1852 395 ἐψεύσθην

197 407 380 461 νομίζων
403 402 612 460 ἀνδράσιν
635 401 826 460 ἀγαθοῖς
855 406 941 446 τῶν
972 401 1083 456 ὑπὲρ
1116 406 1191 460 τῆς
1223 402 1480 460 έ2ευθερίας
1511 400 1690 460 ἀγώνων
1722 420 1851 448 συνα-

198 478 397 529 ρεῖσθαι,
444 472 516 528 ζῆν
554 472 696 521 κα2ῶς
735 464 761 528 ἢ
799 471 1014 514 τεθνάναι
1053 470 1347 526 διεγνωκόσιν.
1404 469 1528 525 ὑμεῖς
1567 472 1613 514 δὲ
1651 470 1727 529 ἦτε
1764 480 1851 515 τιῦν

195 540 408 593 τιχόντων
445 538 568 581 οὐδὲν
601 555 662 589 εις
695 534 851 594 ἀρετὴν
884 534 978 581 οὐδ’
1015 533 1250 592 εὗτο2μίαν
1283 538 1587 595 διαφέροντες,
1629 539 1675 582 o‘L'
1701 556 1749 595 γε
1779 542 1850 583 καὶ

193 607 268 649 τὸν
308 605 383 649 ἐπὶ
422 610 638 661 μεγίστων
677 602 912 662 ἀπαλλαγῇ
951 607 1093 648 κακῶν
1130 608 1349 661 φοβεῖσθε
1379 605 1577 649 θάνατον
1608 607 1709 650 δέον
1738 604 1851 662 ὑπὲρ

195 670 347 717 τούτου
369 673 477 729 μήτε
497 674 710 730 μελλῆσαι
732 672 840 730 μήτε
863 672 1107 728 σύμβουλον
1137 668 1382 726 ἀναμεῖναι.
1433 672 1576 716 πάλαι
1605 673 1686 729 γὰρ
1719 670 1853 725 εὐθὺς

195 739 282 783 ἀπὸ
305 743 381 798 τῆς
404 739 582 796 πρώτης
605 739 860 797 αἰσθήσεως
880 740 1166 790 παιδεύοντες
1196 737 1310 797 ἡμᾶς
1341 740 1382 783 οἳ
1414 740 1596 795 πάτριοι
1625 742 1698 784 καὶ
1729 744 1852 785 θεῖοι

195 807 314 862 λόγοι
352 808 571 850 διετέλουν
612 806 754 861 ἔργοις
792 824 839 849 τε
868 809 941 851 καὶ
973 806 1226 864 φρονήμασι
1254 809 1342 850 τῶν
1371 805 1591 863 ἡμετέρων
1621 808 1851 864 προγόνων

196 871 350 924 αὐτοὺς
388 873 706 928 βεβαιούντων,
747 870 816 918 ὅτι
859 874 1065 932 συμφορὰ
1095 873 1144 917 τὸ
1180 874 1250 931 ζῆν
1282 873 1400 917 ἐστιν
1432 870 1713 930 ἀνθρώποις,
1755 871 1849 929 οὗχὶ

197 941 406 991 θάνατος.
459 937 584 991 οὗτος
608 941 686 995 μὲν
716 941 798 997 γὰρ
831 941 1088 995 ἐλευθερίαν
1121 941 1269 992 διδοὺς
1300 949 1462 997 ψυχαῖς
1493 942 1555 992 εἷς
1585 942 1661 985 τὸν
1693 942 1851 986 οἰκεῖον

194 1010 262 1050 καὶ
290 1007 491 1062 καθαρὸν
523 1004 684 1064 ἀφίησι
713 1008 854 1051 τόπον
886 1004 1263 1052 ἀπαλλάσσεσθαι
1295 1008 1442 1066 πάσης
1473 1012 1703 1066 συμφορᾶς
1734 1006 1850 1052 ἀπα-

195 1079 294 1125 θεῖς
333 1074 562 1128 ἐσομένας,
605 1093 700 1126 εως
719 1076 765 1118 δέ
796 1075 907 1119 εἰσιν
939 1093 983 1118 εν
1014 1076 1187 1130 σώματι
1219 1079 1372 1133 θνητιμ
1404 1077 1630 1132 δεδεμεναι
1661 1079 1734 1121 καὶ
1763 1079 1850 1120 τῶν

193 1141 349 1184 τούτου
369 1144 508 1184 κακῶν
540 1144 1003 1197 συναναπίμπλανται,
1035 1139 1368 1200 τάληθέστατον
1399 1144 1556 1196 εἰπεῖν,
1587 1144 1849 1200 τεθνήκασι·

194 1212 398 1251 κοινωνία
418 1209 500 1291 γὰρ
522 1214 637 1266 θείω
660 1210 773 1265 πρὸς
794 1210 961 1267 θνητὸν
984 1206 1189 1267 ἀπρεπής
1211 1210 1317 1255 ἐστι.
1368 1215 1478 1267 μέγα
1508 1212 1587 1266 μὲν
1618 1210 1693 1254 οὖν
1724 1211 1850 1255 δύνα-

193 1293 266 1318 ται
288 1275 400 1332 ψυχὴ
423 1278 494 1319 καὶ
519 1277 690 1331 σώματι
713 1278 1020 1335 συνδεδεμένη·
1052 1288 1175 1322 ποιεῖ
1193 1278 1275 1334 γὰρ
1306 1275 1437 1337 αὓτῆς
1468 1277 1651 1335 ὄργανον
1683 1278 1850 1321 αἰσθα-

194 1342 373 1397 νόμενον
396 1339 596 1399 ἀοράτως
619 1341 724 1388 αὐτὸ
747 1348 928 1388 κινοῦσα
949 1347 1020 1388 καὶ
1052 1348 1220 1401 θνητης
1251 1345 1426 1402 φύσεως
1456 1350 1705 1402 περαιτέρω
1737 1363 1850 1400 προ-

196 1410 359 1465 άγουσα
379 1420 477 1461 ταῖς
498 1411 732 1467 πράξεσιν·
767 1408 815 1455 ού
837 1412 922 1468 μὴν
944 1408 1043 1475 ἀλ2’
1071 1412 1253 1455 επειδὰν
1276 1413 1559 1457 ἀπολυθεῖσα
1579 1416 1656 1457 τοῦ
1686 1414 1850 1456 καθέ2-

192 1494 340 1527 κοντος
378 1474 510 1534 αυτὴν
539 1479 702 1534 βάρους
733 1479 808 1522 ἐπὶ
838 1497 915 1536 γην
945 1482 1017 1523 καὶ
1050 1484 1439 1563 προσκρεμαμένοι
1467 1483 1609 1537 χῶρον
1641 1476 1845 1537 ἀπολάβη

191 1543 266 1586 τὸν
306 1545 487 1597 οἰκεῖον,
526 1545 627 1588 τότε
665 1546 715 1603 δη
756 1551 974 1603 μακαρίας
1014 1546 1160 1600 ἰσχύος
1200 1550 1270 1591 καὶ
1307 1548 1591 1602 πανταχόθεν
1623 1544 1847 1591 ἀκωλύτου

191 1614 359 1664 μετέχει
405 1609 647 1666 δυνάμεως,
695 1610 884 1668 ἀόρατος
927 1617 1118 1668 μένουσα
1163 1625 1256 1665 τοῖς
1301 1612 1607 1671 ἀνθρωπίνοις
1652 1612 1846 1669 όμμασιν

193 1674 342 1755 ω’σπερ
383 1674 513 1729 αυτὸς
552 1677 573 1721 ὁ
614 1680 741 1730 θεός·
783 1676 883 1723 οὐδὲ
921 1698 1004 1736 γαρ
1036 1681 1116 1731 ε’ως
1148 1681 1266 1725 ἐστὶν
1297 1682 1340 1724 ἐν
1372 1683 1542 1736 σώματι
1582 1686 1844 1737 θεωρεῖται·

191 1744 397 1798 πρόσεισι
417 1745 498 1800 γὰρ
522 1742 702 1802 ἀφανῶς
725 1749 795 1790 καὶ
826 1747 885 1805 μὴ
916 1749 1164 1804 βλεπομένη
1195 1749 1332 1792 πάλιν
1365 1745 1707 1801 ἀπαλλάττεται,
1739 1753 1844 1803 μίαν

189 1811 267 1864 μὲν
310 1807 414 1867 αὗτὴ
450 1812 582 1868 φύσιν
615 1814 771 1867 ἔχουσα
801 1813 878 1870 τὴν
910 1812 1167 1871 ἄφθαρτον,
1210 1815 1332 1858 αἰτία
1363 1816 1409 1858 δὲ
1442 1816 1613 1870 σώματι
1642 1818 1843 1872 γινομένη

300 1946 839 1993 PAMLVRCLatHegesippus
863 1950 894 1983 V
919 1953 961 1984 53
986 1961 1020 1994 p.
1048 1953 1111 1984 378
1126 1960 1177 1994 sq.

303 2005 321 2035 2
346 2001 581 2049 δακρύουσιν]
608 2002 784 2050 δάκρυσιν
809 2004 903 2039 PLR
928 2006 1107 2052 δάκρασιν
1133 2006 1159 2040 C
1253 2008 1271 2039 3
1297 2007 1461 2050 νομίζων
1485 2027 1526 2031 —
1544 2010 1563 2041 5
1590 2004 1842 2053 διεγνωκόσιν]

189 2058 251 2102 qui
268 2064 437 2103 putarem
462 2059 560 2094 uiros
582 2061 701 2103 forces
720 2071 791 2106 pro
817 2060 981 2096 libertate
1005 2066 1183 2097 certantes
1212 2063 1304 2096 morl
1336 2062 1421 2097 bene
1454 2061 1560 2097 malle
1583 2073 1690 2107 quam
1715 2062 1840 2098 uiuere

189 2113 259 2148 Lat
350 2117 437 2156 τῶν]
471 2112 540 2150 τὸν
564 2116 603 2150 Μ
696 2112 826 2162 ἀγῶνα
850 2116 889 2151 Μ
982 2120 1238 2163 συναρεῖσθαι]
1265 2118 1372 2152 Niese
1403 2117 1494 2152 duce
1519 2117 1690 2152 Hudsono
1720 2131 1843 2154 συναι-

192 2174 340 2215 ρεῖσθαι
365 2171 465 2206 codd.
489 2173 735 2218 συναίρεσθαι
758 2173 877 2208 Berol.
903 2176 940 2207 et
963 2175 1055 2208 teste
1080 2172 1252 2208 Hudsono
1277 2174 1299 2207 i.
1326 2183 1434 2217 marg.
1460 2173 1569 2208 Busb.
1640 2176 1660 2207 4
1687 2169 1722 2208 δ’
1749 2173 1776 2208 C

190 2220 264 2270 ἦτε]
288 2220 353 2271 ἥτε
377 2227 456 2260 A¹L
483 2225 569 2263 οὔτε
595 2228 621 2262 Ρ
646 2230 842 2274 praestatis
865 2229 935 2263 Lat
1059 2232 1078 2264 5
1106 2226 1189 2266 οὐδὲ
1213 2229 1280 2264 VR
1400 2227 1614 2273 εὐτολμίαν]
1640 2228 1697 2264 εἰσ
1720 2226 1846 2265 εὐτολ-

188 2282 278 2323 μίαν
303 2281 439 2317 MVRC
464 2279 641 2334 εὐτολμία
668 2283 841 2319 Destinon
935 2288 954 2319 6
978 2283 1059 2326 τὸν]
1085 2287 1161 2321 τῶν
1186 2285 1325 2320 PA¹VC
1433 2287 1638 2332 φοβεῖσθαι
1662 2284 1777 2319 AV¹R

190 2340 206 2369 ἰ’
232 2340 318 2382 γαρ]
343 2338 434 2371 enim
459 2342 493 2372 et
515 2338 586 2372 Lat
687 2342 706 2373 9
733 2337 944 2386 φρονήματι
969 2341 997 2374 Ρ
1116 2344 1155 2375 10
1181 2338 1321 2377 αἶ’τοὺσ
1345 2341 1372 2375 Ρ
1486 2338 1699 2386 α’νθριόποσ
1725 2340 1750 2375 Ο

191 2388 282 2437 οὐχὶ]
310 2389 375 2438 οὐχ
403 2390 422 2429 ὁ
449 2395 592 2429 Bekker
708 2399 743 2430 11
773 2396 841 2439 μὲν
865 2396 1009 2431 iterauit
1031 2397 1061 2430 L
1193 2399 1233 2431 12
1258 2393 1547 2434 ἀπαλλάσεσθαι
1571 2397 1603 2430 Α
1630 2392 1842 2433 α’παλάσσε-

191 2451 281 2483 σθαι
306 2448 353 2482 R¹
424 2453 637 2496 συμφορᾶσ,
664 2463 683 2486 o
710 2453 828 2495 suppl.
854 2463 898 2487 m.
919 2454 938 2486 2
956 2452 987 2486 R
1059 2456 1098 2488 13
1123 2451 1323 2497 ἐσομένασ,
1349 2467 1373 2489 α
1396 2462 1440 2487 ex
1464 2462 1557 2488 corr.
1576 2452 1602 2486 P
1672 2447 1708 2487 δ’
1725 2451 1783 2486 LC

198 2506 235 2536 14
253 2506 578 2548 συναπίμπλανται
591 2506 624 2541 V
641 2508 988 2544 συναναπίπλανται
1004 2508 1030 2542 C
1092 2504 1257 2555 τάληθὲσ
1271 2508 1389 2545 εἰπεῖν
1401 2508 1439 2542 Μ
1504 2512 1543 2543 15
1561 2503 1732 2554 οἷπρεπὲσ
1745 2507 1774 2542 L

191 2558 258 2601 μὲν
283 2569 350 2595 om.
377 2560 404 2594 P
523 2564 561 2596 16
587 2562 845 2609 συνδεδεμένη·
874 2564 903 2597 L
1027 2560 1139 2610 αὑτῆς
1164 2565 1307 2600 Bekker
1446 2567 1484 2598 17
1512 2560 1613 2600 αὐτῶ
1637 2563 1665 2597 P
1780 2576 1843 2599 πε-

206 2616 244 2635 αι

193 2638 334 2683 ρετέρω
351 2637 384 2672 R
478 2642 517 2673 18
542 2639 811 2684 καθέλκοντος]
831 2642 1115 2687 PAMLVOLips
1140 2641 1357 2680 καθελκτὸσ
1378 2642 1411 2677 R
1505 2645 1545 2676 19
1570 2638 1768 2688 πρὸσκρεμ
1782 2655 1841 2677 -α·

190 2693 306 2737 μένου
319 2693 352 2726 Α
366 2695 714 2740 προσκρεμαμένου,
730 2709 750 2740 ρ
765 2696 786 2729 i.
802 2706 871 2731 ras.
887 2708 931 2732 m.
948 2700 966 2731 2
980 2698 1010 2731 L
1025 2699 1394 2744 προσκρεμμαμένου
1407 2698 1432 2732 C
1450 2696 1693 2744 προσκρεμαΙΙ
1704 2710 1719 2727 *
1733 2710 1748 2727 *τ
1762 2711 1777 2727 *
1792 2710 1807 2726 *
1822 2710 1838 2726 *

189 2782 217 2816 P
309 2778 495 2829 α’πολάβει
520 2784 550 2818 L
643 2788 681 2818 21
708 2784 885 2829 μένουσα]
910 2786 978 2829 μὲν
1003 2781 1098 2823 οὖσα
1123 2788 1216 2821 PAL
1308 2787 1588 2833 άνθρωπίνοισ,
1621 2787 1686 2820 litt.
1714 2786 1772 2820 ίνο
1799 2795 1843 2819 ex

193 2850 253 2874 οισ
285 2848 376 2873 corr.
411 2839 484 2874 uid.
510 2840 539 2874 L
611 2842 652 2874 22
680 2836 699 2876 ὃ
727 2851 792 2875 om.
811 2841 844 2873 A
913 2839 995 2883 ἕως]
1022 2839 1077 2878 ὡσ
1094 2842 1157 2876 AL
1180 2842 1265 2878 fort.
1290 2846 1388 2878 recte
1458 2846 1499 2877 23
1525 2838 1720 2888 πρόσεισει
1745 2839 1772 2873 Ρ

188 2889 510 2932 >νῖπαλλάτταταιΡ
526 2890 795 2939 άπαλάττεται,
809 2910 826 2933 ε
841 2907 884 2931 ex
899 2911 921 2933 α
936 2908 1026 2933 corr.
1043 2897 1068 2931 C
1133 2900 1175 2932 24
1190 2894 1292 2944 αὐτὴ]
1305 2899 1448 2934 Bekker
1462 2893 1553 2945 αὕτη
1567 2896 1669 2933 codd.
1684 2894 1842 2941 L'psaLat

1882 885 1916 916 10

1882 1220 1916 1251 15

1878 1556 1914 1588 20
