2039 3251
505 154 571 188 DE
598 154 755 189 BELLO
780 154 877 190 IUD.
902 154 954 188 III
979 156 1157 190 429—438
1184 158 1232 195 (lx
1261 158 1358 196 4—(1')
1680 153 1753 189 3:31

101 269 300 311 λισθεῑεν
340 267 402 318 εἰς
442 263 596 325 αὐτήν,
638 267 941 322 στρατόπεδόν
979 284 1027 309 τε
1067 267 1141 309 ἐπὶ
1182 269 1258 323 τῇς
1295 263 1577 321 ἀκροπόλεως
1608 266 1765 322 ἐγείρει

100 337 171 378 καὶ
211 334 259 378 τὸ
294 335 480 378 ἱππικὸν
512 335 555 378 ἐν
588 331 705 390 αὐτῷ
736 337 994 379 καταλείπει
1023 337 1135 390 μετὰ
1167 335 1308 387 πεζῶν
1339 332 1510 390 ὀλίγων,
1543 329 1602 377 ἵν’
1639 330 1761 377 οὗτοι
1795 339 1875 377 430

100 404 180 458 μὲν
210 403 319 446 κατὰ
348 403 492 458 χώραν
523 406 725 457 μένοντες
756 406 983 460 φρουρῶσι
1013 403 1061 445 τὸ
1097 402 1420 455 στρατόπεδον,
1454 403 1496 445 οἱ
1528 398 1570 444 δ’
1609 403 1767 453 ἱππεῖς

102 471 410 527 προνομεύωσι
432 471 508 529 τὴν
538 471 670 528 πέριξ
696 473 768 514 καὶ
799 471 878 521 τὰς
909 475 1162 526 περιοίκους
1190 470 1340 524 κώμας
1368 486 1415 512 τε
1446 473 1519 513 καὶ
1551 471 1767 523 πολίχνας

50 547 69 578 5
100 538 332 594 ἐξαιρῶσιν
376 542 452 595 τῆς
485 537 682 595 Ἰόππης.
749 540 791 581 οἱ
830 540 908 593 μὲν
948 531 1023 581 οὖν
1060 537 1170 580 κατὰ
1210 537 1265 580 τὰ
1305 541 1647 616 προσταχθέντα
1684 536 1762 595 τὴν
1796 543 1872 582 431

97 606 243 662 χώραν
263 610 599 662 κατατρέχοιτες
621 602 728 648 καθ’
753 604 775 648 w‘
767 610 919 661 ιιέραν
951 605 1129 660 ε’τεμνόν
1159 622 1207 648 τε
1237 608 1309 649 καὶ
1341 602 1534 662 ἠρήμουν
1566 600 1761 648 α’πασαν.

217 679 254 717 5.
289 671 361 724 Ὡς
402 675 448 716 δὲ
490 674 552 725 εἷς
589 673 643 716 τὰ
670 671 949 728 Ιεροσόλυμα
979 673 1027 716 τὸ
1060 672 1171 715 κατὰ
1200 691 1279 730 την
1304 670 1447 716 'rlww
1448 673 1577 730 τάτην
1609 673 1763 723 πάθος
1796 677 1876 718 432

100 737 277 798 ἠγγέλη
317 741 366 785 τὸ
407 742 486 795 μὲν
525 744 702 797 πρῶτον
740 738 778 799 ἦ
770 745 958 784 ιίστοιν
998 741 1039 783 οἱ
1079 741 1240 783 πολλοι
1278 742 1351 783 καὶ
1388 739 1462 783 δια
1493 740 1542 784 τὸ
1574 744 1766 796 ιιέγεθος

99 811 176 863 τῆς
199 811 430 866 συμφορᾶς
451 811 523 852 καὶ
546 809 619 852 δια
641 827 689 851 το
713 809 879 865 μηδένα
899 811 987 851 τῶν
1009 809 1252 863 λεγομένων
1276 804 1397 850 α’]ὗτό
1386 825 1500 865 ττην
1534 817 1764 863 παρεῖναι·

34 884 70 917 10
101 877 298 933 διεσιόθη
337 875 419 932 γάρ
461 873 560 919 οὐδὲ
600 874 798 933 ἅγγελος,
840 872 939 919 ἀλλ’
976 875 1190 930 αὐτοματι
1223 876 1501 932 διεκήρυσσεν
1534 893 1654 934 φημη
1686 893 1765 931 την
1797 882 1878 921 433

102 939 266 987 άλωσιν
289 944 429 987 οικεία
451 944 582 1001 φύσει
606 947 694 987 τῶν
726 947 1123 999 σκυθρωποτέρων
1174 961 1255 986 κατ
1309 939 1458 999 ὀλίγον
1490 944 1535 986 δὲ
1568 943 1642 986 διὰ
1673 945 1762 985 τιῦν
1793 950 1875 988 434

102 1012 371 1067 προσχώρων
416 1008 552 1055 (ὅδευε
594 1008 789 1069 τάληθὲς
827 1013 898 1054 καὶ
940 1011 1064 1067 παρὰ
1104 1013 1243 1054 πᾶσιν
1281 1006 1556 1067 αμφιβολίας
1597 1010 1645 1068 ἦν
1684 1008 1765 1089 ἤδη

99 1079 397 1135 βεβαιότερον,
429 1078 823 1135 προσεσχεδιάζετό
846 1095 893 1135 γε
917 1078 1002 1135 μὴν
1031 1087 1125 1129 τοῖς
1156 1082 1488 1134 πεπραγμένοις
1518 1080 1589 1121 καὶ
1621 1078 1675 1121 τὰ
1706 1078 1764 1136 μὴ

100 1143 332 1202 γενόμενα·
363 1146 557 1198 τεθνεώς
577 1147 659 1202 γὰρ
682 1147 755 1189 ἐπὶ
789 1149 866 1204 τῆς
897 1144 1106 1197 ἁλώσεως
1136 1149 1209 1190 καὶ
1232 1144 1253 1190 ὁ
1273 1143 1488 1205 Ἰώσηπος
1517 1144 1762 1203 ἠγγέλλετο.

34 1222 69 1253 15
100 1216 230 1257 τοῦτο
270 1218 476 1270 μεγίστου
513 1214 568 1257 τὰ
595 1212 874 1270 Ἱεροσόλυμα
914 1218 1112 1265 πένθους
1153 1214 1427 1271 ἐπλήρωσεν·
1468 1214 1578 1257 κατὰ
1609 1218 1687 1269 μέν
1716 1231 1764 1270 γε
1796 1219 1877 1258 435

102 1282 248 1332 οἴκους
276 1284 348 1325 καὶ
379 1282 488 1325 κατὰ
520 1286 768 1338 συγγενείας
808 1282 873 1332 οἷς
908 1282 1142 1338 προσήκων
1175 1282 1355 1333 ἕκαστος
1385 1274 1437 1339 ἧν
1466 1284 1554 1325 τῶν
1586 1279 1769 1325 ἀπολω-

102 1350 240 1393 λότων
263 1349 506 1408 ἐθρηνεῖτο,
537 1350 585 1393 τὸ
612 1346 651 1392 δ’
688 1349 764 1393 ἐπὶ
794 1352 857 1405 τῷ
887 1353 1117 1408 στρατηγῷ
1148 1353 1318 1400 πένθος
1350 1349 1586 1407 ἐδημεύθη,
1618 1353 1690 1393 καὶ
1723 1351 1766 1393 οἱ
1797 1356 1878 1395 436

99 1418 177 1470 μὲν
209 1417 373 1470 ξένους,
416 1418 458 1460 οἱ
491 1417 537 1461 δὲ
569 1427 805 1474 συγγενεῖς,
844 1418 888 1461 οἳ
919 1418 966 1460 δὲ
997 1420 1155 1474 φίλους
1187 1418 1414 1476 ἐθρήνουν,
1446 1417 1523 1461 τὸν
1549 1414 1765 1475 Ἰώσηπον

101 1484 147 1527 δὲ
182 1484 366 1537 πάντες,
406 1483 465 1535 ὡς
497 1485 573 1529 ἐπὶ
603 1484 865 1543 τριακοστὴν
895 1486 975 1540 μὲν
1005 1483 1172 1542 ἡμέραν
1203 1485 1261 1543 μὴ
1296 1486 1521 1529 διαλιπεῖν
1551 1485 1632 1536 τὰς
1663 1483 1765 1529 ὀλο-
1795 1492 1877 1532 437

29 1558 67 1591 20
98 1552 281 1608 φύρσεις
316 1551 360 1595 ἐν
388 1555 441 1609 τῇ
472 1553 626 1605 πόλει,
667 1555 906 1604 πλείστους
937 1554 984 1596 δὲ
1014 1557 1303 1608 μισθοῦσθαι
1333 1553 1436 1604 τοὺς
1468 1550 1678 1611 αὐλητάς,
1721 1557 1766 1597 οἳ

98 1620 276 1676 θρήνων
307 1616 457 1671 αὐτοῖς
488 1620 677 1678 ἐξῆρχον.

209 1691 248 1731 6.
284 1685 355 1738 Ὡς
395 1688 442 1731 δὲ
479 1684 656 1746 τάληθῆ
697 1688 1009 1731 διεκαλύπτετο
1048 1691 1111 1745 τῷ
1146 1689 1290 1745 χρόνῳ
1330 1691 1403 1732 καὶ
1442 1690 1497 1732 τὰ
1535 1691 1615 1745 μὲν
1650 1689 1762 1733 κατὰ
1793 1692 1875 1732 438

95 1754 173 1811 τὴν
197 1750 470 1814 Ἰωταπάτην
502 1752 653 1811 ὥσπερ
686 1755 810 1810 εἶχεν,
849 1756 1185 1811 ἐσχεδιασμένον
1217 1757 1264 1800 δὲ
1293 1756 1342 1800 τὸ
1375 1757 1487 1800 κατὰ
1517 1757 1593 1801 τὸν
1619 1754 1769 1816 Ἰώση-

97 1839 183 1866 πον
221 1823 376 1874 πάθος
417 1821 660 1880 εὑρίσκετο,
702 1824 774 1882 ζῆν
815 1821 855 1866 δ’
894 1820 1026 1867 αὐτὸν
1059 1825 1252 1880 ἔγνωσαν
1282 1827 1353 1868 καὶ
1387 1825 1511 1881 παρὰ
1538 1823 1769 1881 Ῥωμαίοις

28 1897 66 1930 25
96 1887 202 1935 ὄντα
222 1893 296 1934 καὶ
317 1893 432 1947 πρὸς
453 1894 540 1935 τῶν
560 1889 784 1949 ἡγεμόνων
806 1893 942 1935 πλέον
964 1888 990 1948 ἢ
1010 1889 1108 1934 κατ’
1146 1892 1426 1947 αἰχμαλώτου
1456 1894 1585 1951 τύχην
1617 1897 1769 1950 περιέ-

208 2013 748 2060 PAMLVRCLatHegesippus
772 2015 826 2049 III
852 2018 894 2049 20
919 2025 955 2059 p.
983 2018 1060 2050 209.

209 2073 229 2105 2
251 2069 314 2107 ἵνα
339 2071 468 2107 AVRC
563 2074 581 2105 3
607 2074 818 2119 φρουροῦσι
845 2071 871 2106 Ο
964 2071 1003 2107 δὲ
1026 2071 1121 2107 VRC
1243 2075 1264 2106 4
1289 2070 1566 2119 προνομεύωσι,
1593 2089 1622 2110 ω
1649 2084 1693 2108 ex
1718 2087 1763 2110 ov

97 2136 188 2161 corr.
213 2126 242 2161 P
267 2125 560 2174 προνομεύσωσι
592 2128 618 2163 C
747 2131 766 2162 5
792 2127 1001 2175 ἐξαιρῶσιν]
1036 2127 1077 2163 L.
1104 2128 1260 2164 Dindorf
1290 2128 1466 2175 ἐξαίρωσι
1489 2132 1584 2171 (-σιν
1607 2130 1688 2171 ΡΑ,
1721 2140 1767 2165 ex

95 2181 301 2230 ἐξορί-ωσι
326 2194 417 2219 corr.
441 2195 487 2220 m.
514 2187 532 2218 2
557 2184 587 2218 L
612 2182 781 2231 ἐξαίροσι
807 2184 852 2227 R)
876 2184 978 2219 codd.
1095 2181 1174 2230 τὴν]
1208 2182 1277 2231 τήν
1299 2198 1340 2221 τε
1366 2185 1394 2219 Ρ
1515 2189 1535 2220 6
1560 2189 1643 2221 ante
1667 2183 1765 2223 καθ’

97 2248 187 2274 eras.
212 2242 277 2275 καὶ
301 2240 330 2274 L
446 2243 500 2282 τε]
524 2240 593 2284 μὲν
619 2240 646 2275 C
739 2244 756 2274 ’ῐ
783 2241 807 2275 i.
832 2251 942 2284 marg.
968 2238 997 2276 λ’
1017 2240 1044 2275 C
1069 2244 1113 2277 ιῖ
1128 2241 1161 2275 V
1260 2244 1278 2275 8
1303 2238 1460 2287 ἠγγέλλη
1477 2241 1509 2276 R
1532 2238 1697 2288 ἠγγέλθη
1721 2252 1767 2278 ex

96 2295 175 2330 cod.
193 2296 296 2332 Voss.
314 2296 470 2331 Dindorf
536 2298 600 2332 καὶ
624 2307 693 2332 om.
710 2298 744 2331 A
820 2300 839 2332 9
864 2296 1080 2343 γενομένων
1097 2301 1132 2331 et
1147 2298 1171 2332 i.
1189 2307 1299 2341 marg.
1325 2309 1370 2332 m.
1397 2301 1417 2332 2
1434 2299 1651 2344 λεγομένων
1667 2299 1700 2334 V

98 2354 138 2386 10
156 2347 251 2389 ἄλλα
263 2352 359 2388 VRC
430 2348 627 2397 αὐτοματὶ]
645 2352 708 2387 PA
724 2347 920 2399 αὐτομάτη
936 2353 1104 2388 MLVRO
1122 2354 1203 2399 ipsa
1217 2364 1286 2399 per
1302 2365 1340 2388 se
1356 2354 1427 2389 Lat
1522 2358 1561 2390 11
1582 2354 1703 2391 οἰκεία
1719 2375 1762 2380 -

98 2409 138 2441 12
163 2404 334 2455 τάληθὲς]
357 2409 453 2444 unde
469 2420 544 2455 pro
569 2416 703 2445 natura
728 2410 884 2444 tristium
906 2409 1084 2455 paulatim
1103 2421 1176 2455 per
1197 2410 1370 2453 finitimos
1394 2411 1533 2446 ueritas
1557 2411 1769 2447 ambulabat

96 2461 165 2498 Lat
234 2461 341 2501 ὀχεῖα
367 2465 393 2499 C
468 2468 508 2500 12
533 2463 578 2503 τὸ
604 2462 747 2513 ἄληθὲσ
771 2465 867 2502 VRC
892 2463 937 2503 τὸ
963 2462 999 2501 δ’
1026 2462 1168 2512 άληθὲσ
1191 2466 1222 2500 L
1318 2470 1358 2502 13
1383 2465 1647 2514 βεβαιώτερον
1671 2468 1698 2502 C

97 2520 391 2567 πεπραγμένοισ,
416 2521 617 2568 πεπραγμέ
640 2523 662 2557 i.
688 2532 759 2557 ras.
786 2525 874 2556 5—6
899 2523 966 2559 litt.
991 2533 1035 2556 m.
1058 2525 1077 2556 2
1095 2522 1127 2557 R
1214 2526 1256 2558 14
1282 2519 1302 2559 ὁ
1329 2533 1398 2558 om.
1415 2523 1511 2558 VRC
1581 2521 1766 2570 ἰώσηποσ,

97 2587 170 2621 σηπ
193 2576 217 2611 i.
243 2586 311 2612 ras.
337 2578 370 2612 V
489 2574 668 2624 ἤγγέλετο
694 2578 727 2613 V
850 2582 890 2614 15
914 2580 1097 2625 μεγίστου
1120 2589 1164 2614 ex
1187 2579 1380 2627 μεγέθουσ
1404 2589 1496 2614 corr.
1522 2590 1568 2615 m.
1595 2583 1614 2614 2
1640 2579 1670 2614 L

95 2628 164 2674 μέν
186 2635 240 2678 γε]
264 2646 307 2679 γε
331 2632 403 2679 μὴν
427 2633 561 2668 PAML
668 2638 707 2669 16
732 2638 930 2681 προσῆκον
954 2635 1133 2671 PA¹VRC
1248 2629 1293 2682 ἦν
1317 2633 1484 2672 ἕκαστοσ
1507 2639 1552 2670 tr.
1577 2635 1672 2671 VRC

101 2689 139 2720 17
165 2684 223 2730 τὸ]
248 2691 302 2724 τῶ
324 2689 388 2724 ΡΑ
479 2689 518 2726 δὲ
543 2690 636 2725 VRC
743 2686 990 2738 ἐδημοσιεύθη
1013 2692 1148 2726 MVRC
1267 2694 1306 2727 18
1333 2693 1477 2737 φίλους]
1504 2693 1639 2737 φίλουσ
1665 2691 1701 2728 οὶ
1726 2693 1766 2729 δὲ

98 2736 286 2788 ἄδελφοὺσ
309 2745 549 2780 MLVRCLat
663 2743 733 2783 τὸν
757 2747 795 2784 δὲ
818 2745 990 2794 ἰώσηπον
1013 2753 1056 2784 tr.
1083 2749 1114 2784 V
1226 2751 1265 2782 19
1290 2747 1359 2792 μὲν
1383 2759 1452 2783 om.
1479 2748 1518 2782 M
1634 2751 1765 2784 διαλει-

99 2803 183 2833 πεῖν
205 2799 268 2833 PA
347 2803 385 2835 21
413 2804 557 2846 θρῆνον
581 2804 628 2837 A*
711 2800 870 2849 ἐξῆρχον
894 2801 1028 2840 αὐτοῖο
1052 2808 1095 2839 tr.
1122 2804 1216 2840 VRO
1299 2807 1341 2838 22
1367 2800 1523 2850 τάληθῆ]
1549 2801 1593 2840 τὸ
1621 2800 1764 2851 οἷληθὲσ

99 2851 234 2889 MVRC
345 2852 632 2894 οἷπεκαλύπτετο
658 2859 688 2893 L
803 2861 847 2893 24
870 2857 1068 2906 ηὑρίσκετο
1094 2860 1252 2896 Dindorf
1363 2861 1401 2897 δὲ
1425 2860 1520 2895 VRC
1633 2864 1673 2895 25
1698 2862 1763 2896 καὶ

99 2918 167 2942 om.
192 2909 287 2945 VRO
379 2915 467 2953 τῶν]
493 2909 562 2948 τὸν
586 2914 633 2948 L¹
724 2914 842 2951 πλέον
866 2925 934 2950 om.
960 2916 1055 2951 VRC
1149 2917 1264 2964 τύχησ
1287 2917 1354 2952 VR
