2018 3236
252 132 333 168 202
592 129 658 163 DE
683 127 841 163 BELLO
867 128 962 163 IUD.
988 129 1022 162 11
1047 131 1226 164 248—254
1250 132 1311 171 (xu
1338 135 1367 161 8.
1392 134 1462 163 xm
1490 134 1586 173 1—3)

262 243 424 284 εἴκοσιν
463 239 647 296 ἡμέραις
683 240 862 295 τελευτᾷ
900 239 1157 282 καταλιπων
1188 243 1374 318 Νέρωνα
1412 244 1489 297 τῆς
1529 238 1660 297 ἀρχῆς
1697 243 1911 296 διάδοχον,

144 313 224 353 249
257 308 305 350 ὂν
349 317 446 357 ταῖς
482 304 774 363 Ἀγριππίνης
817 309 894 363 τῆς
936 305 1139 361 γυναικὸς
1184 303 1382 358 ἀπάταις
1422 308 1496 351 ἐπὶ
1535 310 1831 367 κληρονομίᾳ
1829 313 1912 367 τῆς

251 373 383 430 ἀρχῆς
410 370 719 431 εἰσεποιήσατο
740 378 900 428 καίπερ
925 372 1020 416 υἱὸν
1037 373 1143 426 ἔχων
1162 374 1339 432 γνήσιον
1356 375 1646 431 Βρεττανικὸν
1668 376 1712 418 ἐκ
1728 380 1910 418 Μεσσα-

250 443 370 497 λίνης
413 457 490 498 της
535 445 754 496 προτέρας
797 439 998 495 γυναικὸς
1041 442 1114 483 καὶ
1150 439 1405 485 Ὀκταουίαν
1449 443 1672 498 θυγατέρα
1708 442 1785 500 τὴν
1824 460 1888 485 υπ

251 504 383 550 αυτοῦ
407 508 664 561 ζευχθεῖσαν
682 508 880 563 Νέρωνι·
888 507 1072 585 γεγόνει
1089 503 1132 549 δ
1156 504 1275 564 αὐτῶ
1291 510 1362 551 καὶ
1381 507 1425 551 ἐκ
1441 514 1660 566 Παιτίνης
1680 506 1905 552 Ἀντωνία,

137 580 217 619 250
360 577 478 618 XIII.
523 581 556 619 1.
586 571 697 619 Ὅσα
736 576 813 630 μὲν
853 572 927 617 οὖν
964 571 1118 630 Νέρων
1157 571 1216 618 δι’
1258 573 1505 634 ὑπερβολὴν
1545 573 1826 631 εὐδαιμονίας
1864 594 1911 619 τε

248 644 320 684 καὶ
360 644 553 686 πλουτου
593 658 943 700 παραφρονησας
982 641 1203 697 εξὺβρισεν
1235 642 1298 692 εἷς
1328 642 1406 700 τὴν
1436 644 1584 700 τύχην,
1624 639 1651 701 ἶ]
1681 648 1780 687 τίνα
1808 643 1910 700 τρό-

250 726 337 751 πον
373 709 450 752 τόν
487 727 535 752 τε
574 706 769 766 αδελφον
807 711 878 752 καὶ
917 709 995 767 τὴν
1033 719 1214 764 γυναῖκα
1254 711 1327 752 καὶ
1363 710 1442 767 τὴν
1471 710 1635 767 μητερα
1667 711 1909 768 διεξῆλθεν,

139 783 214 821 251
252 774 333 833 ἀφ’
377 773 437 820 ὧν
476 776 552 820 ἐπὶ
590 777 692 827 τοὺς
731 773 1062 832 εὐγενεστάτους
1091 777 1345 835 μετήνεγκεν
1374 776 1452 834 τὴν
1483 773 1708 835 ὠμότητα,
1748 780 1821 821 καὶ
1853 775 1912 828 ὥς

247 846 496 888 τελευταῖον
533 842 620 887 ὗπὸ
661 845 1006 902 φρενοβλαβείας
1045 842 1265 894 ἐξώκειλεν
1306 843 1367 894 εἷς
1407 844 1562 902 σκηνὴν
1596 848 1668 889 καὶ
1699 845 1903 899 θέατρον,

249 911 400 969 επειδὴ
442 908 502 955 δι
547 909 674 965 ὄχλου
713 915 852 954 πᾶσίν
894 910 1034 963 ἔστιν,
1074 912 1366 965 παραλείψω,
1408 911 1635 966 τρέψομαι
1670 912 1717 954 δὲ
1748 912 1824 955 ἐπὶ
1854 911 1908 954 τὰ

244 974 472 1029 Ιουδαίοις
501 996 581 1021 κατ
633 975 764 1022 αυτὸν
794 978 1016 1034 γενόμενα.

138 1051 189 1090 25
196 1051 218 1088 2
363 1050 400 1088 2.
448 1046 536 1103 Την
565 1046 643 1100 μὲν
675 1063 749 1088 ουν
778 1044 936 1102 μικρὰν
962 1042 1193 1100 Ἀρμενίαν
1225 1045 1406 1089 δίδωσιν
1435 1045 1683 1099 βασιλεύειν
1708 1041 1910 1100 Ἀριστο-

247 1113 392 1169 βοὺλῳ
419 1116 481 1170 τῶ
497 1111 705 1169 Ηρώδοι,
737 1132 788 1170 τη
813 1109 852 1155 δ
874 1110 1102 1169 Ἀγρίππα
1122 1114 1328 1170 βασιλεία
1347 1113 1564 1168 τέσσαρας
1584 1112 1738 1163 πόλεις
1767 1127 1909 1168 προσ-

249 1185 430 1238 τίθησιν
464 1179 541 1223 σὺν
571 1190 669 1230 ταῖς
697 1185 978 1234 τοπαρχίαις,
1008 1178 1173 1235 Ἄβελα
1209 1180 1288 1234 μὲν
1326 1182 1396 1222 καὶ
1429 1176 1646 1223 Ἰουλιάδα
1686 1179 1795 1222 κατὰ
1832 1178 1909 1236 τὴν

250 1252 469 1303 Περαίαν,
515 1251 727 1302 Ταριχέας
767 1249 812 1290 δὲ
850 1251 922 1291 καὶ
966 1248 1206 1303 Τιβεριάδα
1241 1250 1317 1305 τῆς
1349 1248 1610 1297 Γαλιλαίας,
1650 1247 1712 1297 εἰς
1750 1247 1796 1289 δὲ
1832 1245 1908 1303 τὴν

139 1321 219 1361 253
252 1315 411 1373 λοιπὴν
427 1313 641 1359 Ἰουδαίαν
666 1315 835 1372 Φήλικα
856 1316 1115 1372 κατέστησεν
1143 1315 1400 1371 ἐπίτροπον.
1452 1311 1576 1365 οὗτος
1606 1314 1681 1357 τόν
1710 1330 1757 1356 τε
1788 1309 1909 1368 ἆρχι-

249 1382 408 1440 λῃστὴν
432 1379 686 1437 Ἐλεάζαρον
717 1383 858 1425 ἔτεσιν
889 1382 1028 1424 εἴκοσι
1057 1382 1134 1439 τὴν
1161 1382 1308 1437 χώραν
1340 1382 1582 1438 λῃσάμενον
1612 1383 1686 1424 καὶ
1716 1379 1908 1430 πολλοὺς

248 1453 335 1493 τῶν
374 1449 451 1493 σὺν
494 1446 608 1504 αὐτῷ
642 1449 864 1506 ζωγρήσας
895 1445 1149 1504 ἀνέπεμψεν
1182 1449 1244 1499 εἷς
1269 1447 1455 1506 Ῥώμην·
1494 1452 1580 1492 τῶν
1612 1445 1652 1491 δ)
1690 1444 1906 1492 ἀνασταυ-

248 1521 483 1572 ρωθέντων
520 1514 599 1559 ὑπ’
646 1514 778 1559 αὐτοῦ
818 1518 984 1572 λῃστῶν
1023 1519 1094 1559 καὶ
1134 1519 1220 1559 τῶν
1261 1516 1336 1560 ἐπὶ
1367 1521 1574 1573 κοινωνίᾳ
1605 1518 1906 1573 φωραθέντων

250 1586 449 1640 δημοτῶν
482 1584 556 1634 οὓς
587 1583 804 1635 ἐκόλασεν,
837 1581 1022 1639 ἄπειρόν
1052 1600 1096 1628 τι
1125 1587 1303 1642 πλῆθος
1333 1574 1398 1637 ἦν.

138 1658 218 1697 254
363 1656 399 1694 3.
433 1655 757 1707 Καθαρθείσης
788 1651 834 1693 δὲ
863 1653 940 1707 τῆς
966 1651 1110 1705 χωρας
1142 1650 1286 1705 ἕτερον
1318 1649 1432 1700 εἶδος
1466 1652 1634 1707 λῃστῶν
1664 1646 1907 1704 ἓνἹεροσο-

361 1800 380 1840 ς’
400 1799 464 1831 248
482 1812 524 1824 =
543 1797 625 1831 Ant.
644 1797 723 1831 Iud.
748 1795 816 1830 XX
837 1798 917 1838 1483
945 1797 963 1838 ξ
991 1798 1053 1829 252
1071 1813 1115 1824 =
1130 1795 1215 1830 Ant.
1239 1795 1315 1830 Iud.
1342 1795 1411 1829 XX
1440 1798 1514 1830 158.

360 1919 668 1954 PAMLVRCLat
679 1919 899 1962 Hegesippus
923 1917 958 1951 II
983 1921 1001 1952 6
1026 1928 1059 1961 p.
1083 1920 1140 1951 131
1170 1918 1247 1951 Exc
1273 1917 1427 1952 Peiresc.

362 1979 376 2009 1
406 1974 525 2011 εἴκοσι
549 1975 594 2008 L¹
620 1974 769 2018 triqinta
794 1973 895 2008 codd.
921 1974 1055 2018 aliquot
1080 1973 1148 2007 Lat
1267 1976 1286 2008 3
1313 1973 1566 2008 brittannicum
1590 1972 1660 2006 Lat
1786 1986 1902 2017 μεσα-

248 2033 354 2077 λίνησ
376 2031 479 2065 PAM
591 2033 611 2064 4
631 2029 849 2076 θυγατέροιν
873 2030 921 2062 A¹
1058 2033 1076 2062 5
1102 2030 1140 2065 δὲ
1163 2028 1258 2064 VRG
1397 2029 1552 2074 πετίνησ
1577 2028 1679 2063 codd.
1705 2028 1903 2074 aqrippiua

247 2088 317 2122 Lat
418 2088 441 2120 i.
467 2096 573 2130 marg.
597 2083 658 2122 x9'
685 2086 711 2120 C
826 2087 845 2118 6
871 2078 944 2120 ὅσα
967 2085 1036 2129 μὲν
1061 2079 1138 2126 οὖν]
1166 2078 1239 2120 ὅσα
1263 2085 1332 2128 μὲν
1357 2085 1439 2119 R¹V
1471 2087 1534 2120 καὶ
1566 2078 1638 2120 ὅσα
1671 2084 1740 2128 μὲν
1764 2084 1814 2118 R²

249 2137 335 2184 ὅσα]
367 2141 665 2188 quemadmodum
689 2141 773 2184 Lat3
805 2140 980 2185 incipiunt
1004 2141 1081 2175 Exc
1216 2141 1350 2187 Νέρων
1377 2152 1443 2176 om.
1472 2141 1519 2174 V¹
1656 2144 1672 2174 7
1701 2153 1903 2187 παραφρο-

248 2197 362 2245 νήσας
385 2210 453 2234 om.
479 2199 548 2232 Lat
685 2200 704 2231 9
729 2195 801 2238 ἐπὶ]
827 2197 1046 2231 PAMLExc
1071 2197 1127 2232 εἰσ
1143 2196 1238 2231 VRC
1375 2193 1677 2242 εὐγενεστάτους]
1709 2196 1904 2241 proaeimos

246 2257 294 2296 (h.
320 2265 350 2290 e.
375 2251 706 2301 συγγενεστάτους)
732 2253 800 2287 Lat
938 2255 977 2286 10
1010 2253 1298 2298 φρενοβλαβίασ
1322 2253 1388 2287 VR
1399 2253 1478 2287 Exc
1615 2249 1791 2295 ἐξώκιλεν
1825 2252 1901 2287 PA¹

246 2311 295 2346 ad
317 2311 532 2346 histrionum
557 2321 669 2356 opera
693 2318 905 2353 scenamque
928 2307 998 2341 Lat
1088 2308 1234 2355 θέατρα
1253 2309 1283 2344 V
1379 2312 1415 2344 11
1442 2306 1579 2355 ἐπειδὴ]
1604 2307 1686 2344 ἐπεὶ
1710 2308 1748 2344 δὲ
1764 2308 1797 2343 R
1820 2307 1903 2344 ἐπει

246 2368 324 2402 Exc
415 2367 655 2412 παραλείψω]
680 2365 901 2408 καταλείψω
919 2363 984 2406 V¹3
1010 2362 1138 2398 finiunt
1159 2364 1236 2398 Exc
1332 2367 1371 2399 12
1396 2365 1526 2412 τρέψω
1550 2365 1583 2399 V
1669 2361 1757 2399 κατ’
1784 2359 1900 2400 αὐτοῦ

248 2423 273 2457 C
298 2423 341 2457 ab
366 2434 407 2458 eo
432 2423 502 2457 Lat
593 2425 634 2456 13
659 2422 816 2460 δίδωσιν]
841 2420 966 2455 δίδωσι
991 2419 1059 2462 μὲν
1082 2419 1225 2453 L¹VRC
1345 2423 1383 2455 14
1408 2421 1446 2457 δὲ
1470 2421 1565 2455 VRC
1677 2420 1844 2466 τέσαρασ
1868 2421 1900 2452 A

247 2480 450 2525 τέσσαρασ,
475 2494 497 2516 α
522 2479 571 2521 (in
595 2480 657 2520 ασ)
681 2477 703 2511 i.
730 2486 800 2510 raS.
826 2486 870 2509 m.
897 2478 915 2508 2
934 2475 962 2508 L
1074 2478 1112 2508 15
1138 2472 1257 2521 οἷβελα
1282 2476 1358 2518 (sic)
1384 2477 1411 2510 P
1436 2472 1554 2523 α’βέλα
1580 2477 1612 2510 Α
1636 2473 1772 2522 ἅβιλαν
1796 2475 1901 2510 MVR

246 2534 414 2582 ἅβηλλαν
448 2535 473 2569 C
507 2535 645 2570 abelam
677 2533 747 2567 Lat
883 2528 1049 2566 ἓουλιάδα
1081 2531 1114 2565 V
1146 2532 1288 2567 ἰουλίδα
1321 2532 1346 2566 Ο
1486 2528 1583 2568 κατὰ
1616 2528 1683 2577 τὴν
1719 2532 1900 2578 Περαίαν]

246 2593 283 2626 in
314 2593 430 2626 iturea
460 2593 510 2634 (iu
540 2603 582 2626 ea
612 2590 690 2625 cod.
715 2589 811 2629 Vat.)
838 2607 877 2612 -
902 2587 1050 2632 reqione
1081 2587 1150 2621 Lat
1317 2591 1357 2623 16
1390 2588 1585 2635 Ταριχέας]
1618 2587 1772 2622 Dindorf
1799 2600 1900 2633 ταρι-

246 2649 362 2692 χαίασ
404 2648 506 2682 codd.
546 2645 740 2681 cariclzeam
773 2643 843 2676 Lat
978 2638 1193 2689 τιβερειοῖδα
1223 2644 1268 2677 L¹
1437 2648 1473 2679 17
1510 2645 1638 2688 φίλικα
1670 2643 1733 2677 PR
1762 2644 1900 2689 φίληκα

247 2703 397 2737 ΑΜΗΟ
473 2717 513 2739 τε
539 2713 606 2737 om.
631 2701 727 2736 VRO
812 2702 850 2734 18
876 2696 1100 2745 ληϊσάμενον
1123 2699 1255 2733 PAML
1281 2699 1516 2745 διωσάμενοι)
1540 2699 1635 2734 V¹C¹
1658 2696 1900 2744 δηωσάμενον

248 2758 376 2792 V2RC2
469 2761 509 2793 19
534 2761 623 2799 τῶν]
648 2753 742 2793 τοὺσ
764 2755 831 2790 VR
907 2752 1103 2801 ζωγρήσας
1128 2751 1356 2802 ἀνέπεμψεν]
1383 2757 1477 2802 cepit
1501 2757 1712 2799 uinctosque
1736 2758 1900 2797 (romam)

249 2814 386 2849 direxit
408 2814 479 2849 Lat
568 2815 591 2850 i.
617 2823 726 2856 marg.
749 2815 800 2858 Ξῖγ
823 2811 855 2846 V
925 2811 963 2847 δὲ
986 2811 1080 2846 VRO
1152 2814 1189 2846 21
1219 2815 1402 2858 δημοτῶν]
1424 2811 1642 2852 PAMLLat‚
1668 2820 1735 2844 om.
1760 2810 1854 2844 VRG

248 2864 438 2906 ἐκώλασεν
463 2870 489 2903 Ρ
583 2872 624 2903 22
648 2870 670 2902 i.
696 2878 805 2911 marg.
829 2867 877 2914 ἦ)
903 2865 929 2900 C

1937 856 1972 888 10

1941 1191 1976 1224 15

1938 1527 1974 1558 20
