2039 3251
56 863 92 895 10

55 1200 92 1232 15

56 1537 92 1569 20

493 132 559 166 DE
588 131 747 166 BELLO
774 130 870 166 IUD.
896 131 948 164 ΙΙΙ
972 132 1150 165 288-296
1175 131 1235 172 (VH
1262 137 1311 164 3ο.
1338 132 1392 171 31)
1700 126 1778 162 5315}

117 246 251 303 μηδὲν
283 242 538 289 ἀντικακοῦν
568 244 670 295 τοὺς
702 246 962 298 πολεμίους,
995 238 1065 285 ὅτι
1095 243 1151 300 μ’]
1185 243 1294 297 μετὰ
1325 241 1533 286 κινδύνων
1565 235 1780 295 ἇνείργειν

119 314 299 367 ἔχοντες.

234 386 300 425 31.
344 381 469 423 Κατὰ
510 381 556 422 δὲ
594 379 673 430 τὰς
714 377 846 430 αὐτὰς
888 377 1050 437 ἡμέρας
1087 375 1426 426 Οὐεσπασιανὸς
1459 376 1536 418 ἐπί
1565 393 1663 418 τινα
1694 377 1780 416 τῶν
1813 386 1822 393 ’

118 451 195 506 τῆς
219 445 489 505 Ἰωταπάτης
521 444 838 502 ἀστυγειτόνων
870 447 1014 497 πόλιν,
1038 445 1170 503 Ἴαφα
1199 448 1410 497 καλεῖται,
1443 442 1781 498 νεωτερίζουσαν

117 518 190 559 καὶ
212 518 299 558 τῶν
316 513 651 571 Ἰωταπατηνῶν
673 514 796 569 παρὰ
820 514 952 564 δόξαν
975 511 1242 567 ἀντεχόντων
1274 513 1581 567 ἐπαιρομένην,
1620 516 1780 562 Τραϊα-

122 583 194 626 νὸν
226 580 331 626 ὄντα
361 586 438 626 τοῦ
471 582 651 625 δεκάτου
685 581 904 637 τάγματος
933 579 1123 637 ἡγεμόνα
1155 581 1374 635 ἐκπέμπει
1405 577 1632 633 παραδοῖ-ς
1664 574 1781 633 αὐτῷ

117 653 285 705 χιλίους
305 652 382 705 μὲν
407 652 560 700 ἱππεῖς
583 649 741 701 πεζοῖς
764 649 810 690 δὲ
832 649 1084 701 δισχιλίους.
1136 646 1157 691 ὁ
1193 650 1238 691 δὲ
1268 648 1345 705 τὴν
1375 648 1454 701 μὲν
1486 646 1618 688 πόλιν
1651 645 1780 687 δυσά-

122 721 261 761 λωτον
282 718 553 772 καταλαβών,
587 717 700 772 πρὸς
728 716 810 772 γὰρ
840 718 904 771 τῷ
935 716 1067 772 φύσει
1096 715 1283 771 καρτερὰ
1314 714 1538 770 τυγχάνειν
1570 705 1679 755 οὖσα
1708 715 1782 756 καὶ

122 786 269 841 διπλῷ
315 785 539 842 περιβόλῳ
583 789 847 837 τετείχιστο,
894 782 1295 840 προαπηντηκότας
1341 782 1387 823 δὲ
1426 781 1528 831 τοὺς
1567 781 1613 831 ἐξ
1652 777 1782 835 αὐτῆς

123 853 325 908 ἑτοίμους
364 854 425 904 εἷς
464 852 603 909 μάχην
645 851 751 894 ἰδιιῖν
791 851 1031 904 συμβάλλει
1070 853 1142 893 καὶ
1174 850 1288 905 πρὸς
1319 846 1466 904 ὀλίγον
1498 846 1781 901 ἀντισχόντας

122 921 313 963 ἐδίωκεν.
375 920 688 977 συμφυγόντων
730 919 775 960 δὲ
815 918 877 968 εἷς
907 917 955 960 τὸ
989 921 1165 974 πρῶτον
1195 927 1337 970 τεῖχος
1369 917 1410 958 οἱ
1437 914 1641 969 Ῥωιιιαῑοι
1671 915 1781 957 κατὰ
1814 919 1836 946 '7

122 988 268 1037 πόδας
310 992 620 1042 προσκείμενοι
665 989 990 1029 συνεισέπεσον.
1050 982 1330 1043 ὁρμήσαντας
1369 984 1415 1025 δὲ
1455 983 1591 1025 πάλιν
1631 982 1693 1032 εἷς
1731 982 1779 1024 τὸ

123 1055 323 1111 δεύτερον
367 1065 508 1109 τεῖχος
553 1050 865 1096 ἀποκλείουσιν
903 1055 979 1109 τῆς
1017 1053 1192 1102 πόλεως
1233 1053 1274 1094 οἱ
1314 1054 1521 1107 σφέτεροι
1561 1051 1783 1100 δείσαντες

121 1123 180 1180 μὴ
204 1123 547 1177 συνεισβάλωσιν
569 1122 610 1165 οἵ
633 1123 856 1174 πολέμιοι.
899 1120 1010 1170 θεὸς
1032 1116 1073 1162 δ)
1098 1112 1150 1178 ἦν
1173 1117 1258 1175 ἄρα
1280 1116 1301 1162 ὁ
1321 1116 1550 1172 Ῥωμαίοις
1570 1117 1624 1159 τα
1649 1119 1782 1160 Γαλι-

123 1192 260 1233 λαίων
281 1191 410 1248 πάθη
429 1189 725 1245 χαριζόμενος,
757 1187 806 1238 ὃς
833 1189 908 1230 καὶ
937 1188 1039 1231 τότε
1067 1187 1145 1231 τὸν
1174 1191 1251 1243 τῆς
1281 1186 1455 1236 πόλεως
1486 1185 1592 1228 λαὸν
1625 1182 1782 1227 αὔταν-

124 1258 225 1313 δρον
247 1261 395 1314 χερσὶν
427 1257 609 1307 οἰκείαις
638 1256 946 1299 ἐκκλεισθέντα
976 1255 1090 1310 πρὸς
1122 1252 1350 1298 ἀπώλειαν
1382 1255 1557 1297 ἔκδοτον
1589 1255 1783 1309 φονῶσιν

123 1324 301 1380 ἐχθροῖς
347 1328 635 1381 παρέστησεν.
703 1323 1002 1378 ἐμπίπτοντες
1048 1323 1128 1380 γὰρ
1170 1320 1336 1379 ἀθρόοι
1373 1331 1472 1372 ταῖς
1511 1320 1674 1370 πύλαις
1710 1321 1783 1362 καὶ

123 1391 268 1435 πολλὰ
289 1391 390 1443 τοὺς
412 1389 485 1434 ἐπ’
513 1389 656 1435 αὐτῶν
677 1390 892 1446 ὀνομαστὶ
919 1393 1150 1442 καλοῦντες
1182 1391 1225 1434 ἐν
1255 1394 1413 1445 μέσαις
1444 1386 1783 1446 ἀπεσφάττοντο

122 1469 221 1510 ταῖς
261 1461 456 1509 ἱκεσίαις.
515 1461 587 1502 καὶ
627 1458 676 1502 τὸ
719 1459 797 1513 μὲν
828 1461 1006 1513 πρῶτον
1038 1455 1187 1510 αὐτοῖς
1216 1468 1357 1512 τεῖχος
1389 1458 1431 1500 οἱ
1463 1458 1693 1510 πολέμιοι,
1733 1454 1781 1497 τὸ

123 1528 322 1585 δεύτερον
361 1523 404 1570 δ’
448 1527 646 1571 ἔκλεισαν
685 1528 728 1570 οἱ
767 1531 996 1584 σφέτεροι,
1037 1530 1166 1581 μέσοι
1206 1527 1253 1569 δὲ
1283 1535 1376 1569 τοῖν
1409 1526 1530 1568 δυοῖν
1559 1523 1785 1566 κατειλού-

122 1611 246 1649 μενοι
274 1595 524 1651 περιβόλων
553 1595 704 1652 βύζην,
745 1597 906 1638 πολλοὶ
937 1596 1016 1650 μὲν
1046 1605 1140 1645 τοῖς
1171 1590 1391 1652 ἀλλήλων,
1424 1593 1583 1636 πολλοὶ
1616 1592 1663 1634 δὲ
1693 1600 1787 1640 τοῖς

124 1662 255 1713 ἰδίοις
293 1667 632 1719 περιεπείροντο
674 1663 869 1720 ξίφεσιν,
911 1660 1092 1717 ἄπειροι
1132 1663 1179 1704 δὲ
1216 1660 1304 1705 ὑπὸ
1333 1659 1556 1716 Ῥωμαίων
1596 1660 1787 1703 ἔπιπτον

236 1866 780 1910 PAMLVRCLatHegesippus
803 1866 857 1900 111
883 1868 923 1900 13
948 1877 983 1910 p.
1012 1868 1087 1901 191.

240 1937 256 1969 1
283 1929 578 1970 οἷντικακοῦντεσ
602 1931 695 1970 τοὺσ
712 1933 775 1967 ΡΑ
859 1933 881 1968 i.
906 1943 1016 1977 marg.
1041 1937 1090 1968 Ξτῖι
1113 1933 1139 1967 C
1225 1929 1378 1974 3.κατι“ι,
1402 1928 1448 1967 τὰ
1474 1941 1502 1966 s.
1528 1931 1551 1965 i.
1578 1940 1647 1965 ras.
1672 1931 1706 1963 A

124 1986 242 2032 αὐτὰς
272 1990 381 2025 iterat
406 1990 432 2024 C
569 1993 590 2024 4
614 1987 840 2035 Ἰωταπάτης
863 2009 906 2014 -
932 1994 950 2024 5
978 1992 1055 2026 τῶν
1079 2000 1146 2024 om.
1174 1988 1200 2023 C
1338 1988 1433 2033 ἰαῳᾶ
1457 1987 1559 2022 MVC
1591 1983 1734 2032 ἰακαφὰ
1759 1985 1788 2019 P

125 2043 269 2091 ἰαφακὰ
294 2049 328 2081 Α
351 2047 464 2092 afaccc
489 2047 560 2082 Lat
583 2046 716 2093 iaplzae
739 2050 842 2090 (gen.)
859 2046 937 2089 Heg
1013 2050 1032 2080 5
1058 2045 1343 2090 ἰωταπατηνῶν,
1369 2047 1445 2079 νῶν
1469 2054 1511 2078 ex
1537 2056 1559 2079 σ
1584 2053 1674 2078 corr.
1693 2042 1720 2076 C

124 2101 399 2149 ἐπαιρουμένην
421 2103 454 2138 R
547 2100 704 2150 τραϊνὸν
727 2103 766 2137 Μ
790 2101 987 2148 τραϊανὸν,
1013 2099 1058 2137 ὸν
1081 2113 1110 2136 S.
1134 2101 1167 2135 V
1259 2104 1278 2135 6
1304 2097 1474 2141 δεκάτου]
1500 2099 1627 2145 quinto
1652 2098 1788 2132 decimo

125 2158 203 2203 Heg
271 2158 479 2203 ἐκμπέμπει
512 2160 587 2202 (Sic)
612 2160 645 2194 R
714 2161 732 2192 8
765 2161 832 2207 τῷ]
857 2155 902 2194 τὸ
928 2158 1076 2192 P¹AVR
1143 2154 1336 2203 καρτερὰν
1359 2156 1387 2190 Ρ
1457 2153 1652 2202 τυγχάνειν
1681 2148 1788 2195 οὖσα]

125 2210 323 2262 τυγχάνειν
347 2215 415 2250 MC
441 2213 678 2261 τυγχάνουσα
702 2214 771 2250 VR
885 2218 904 2248 9
931 2210 1304 2259 προσαπηντηκότασ
1328 2212 1356 2246 Ρ
1382 2208 1733 2258 προαπαντηκότασ
1756 2211 1790 2245 R

125 2273 161 2306 et
184 2281 228 2306 ex
253 2282 343 2307 corr.
369 2272 402 2306 V
426 2269 804 2318 προσαπαντηκότασ
827 2271 876 2305 V1
1016 2274 1056 2305 10
1083 2267 1172 2306 ἰδὼν
1197 2280 1264 2304 om.
1290 2268 1385 2303 VRC
1518 2272 1554 2302 11
1585 2261 1789 2314 πρότερον,

124 2327 147 2362 i.
171 2338 281 2372 marg.
305 2341 352 2374 γρ
377 2330 534 2374 πρῶτον
557 2330 598 2362 ut
621 2328 693 2363 uid.
718 2339 771 2362 m.
799 2331 818 2362 2
843 2328 875 2362 V
1015 2329 1054 2360 12
1081 2325 1289 2361 συνέπεσον
1313 2324 1408 2358 PAL
1549 2319 1790 2370 ὃρμήσαντεσ

125 2381 242 2417 PA¹M
382 2387 421 2418 13
457 2383 492 2420 οὶ
525 2383 703 2430 σφέτεροι
736 2387 806 2430 τῆσ
835 2380 989 2420 πόλεωσ
1021 2387 1065 2417 tr.
1093 2382 1125 2415 V
1265 2383 1306 2415 14
1331 2377 1637 2423 συνεισβάλωσιν]
1661 2389 1790 2413 rursus

125 2439 304 2475 intrarent
326 2440 397 2475 Lat
532 2437 627 2482 θεὸς
645 2444 744 2475 -15
775 2434 1041 2486 χαριζόμενος]
1069 2439 1245 2485 profecto
1278 2441 1397 2471 autem
1428 2436 1518 2470 deus
1546 2435 1789 2481 qalilaeorum

127 2493 246 2529 clades
279 2498 441 2532 romanis
476 2496 635 2532 donabat
669 2496 740 2530 Lat
877 2491 926 2537 δ’]
962 2496 1000 2532 δὲ
1036 2496 1084 2536 V,
1121 2505 1189 2529 om.
1222 2493 1256 2528 R
1395 2488 1415 2528 ὁ
1452 2503 1520 2527 om.
1557 2491 1653 2525 PAL

130 2550 171 2583 16
201 2549 340 2587 οἰκίαισ
366 2552 392 2587 C
530 2551 795 2598 ἐγκλεισθέντα
820 2552 888 2586 ΡΜ
918 2550 1173 2599 ἐκκριφθέντα
1198 2550 1230 2585 V
1262 2548 1484 2594 ἐκκριθέντα
1509 2548 1571 2582 RC
1601 2546 1788 2582 exclusum

1587 2619 1617 2640 (1)

128 2647 198 2682 Lat
334 2655 372 2686 17
414 2648 557 2698 ἁθρόοι
591 2653 625 2688 R
764 2657 804 2688 18
844 2650 910 2690 ἐπ’
947 2649 1084 2695 αὐτῶν]
1121 2651 1267 2690 ἑαυτῶν
1301 2651 1370 2685 ΡΜ
1404 2646 1468 2687 ἐπ’
1505 2646 1621 2686 αι’-τον
1655 2648 1688 2682 V
1723 2643 1786 2684 ἐπ’

131 2699 246 2740 αὐτὸν
275 2706 308 2740 R
421 2712 636 2751 καλοῦντες]
667 2713 841 2756 βοῶντεσ
871 2710 901 2744 L
1021 2713 1060 2744 19
1091 2708 1271 2746 ὶκετείαισ
1295 2707 1357 2742 RC
1473 2709 1514 2741 20
1547 2706 1586 2743 δὲ
1609 2706 1676 2740 VR

131 2759 238 2799 μέσοι
270 2772 313 2796 ex
341 2762 460 2806 μέσον
484 2775 576 2799 corr.
601 2765 631 2798 L
724 2768 802 2801 τῶν
825 2768 924 2801 δυεῖν
947 2765 1075 2801 LVRC
1168 2769 1209 2800 21
1235 2761 1351 2810 βύζην
1375 2774 1442 2798 om.
1468 2762 1568 2797 PLat
1659 2761 1728 2806 μὲν
1744 2781 1787 2786 -

131 2818 265 2852 πολλοὶ
297 2827 363 2852 om.
388 2819 428 2853 M
564 2816 789 2866 οἷλλήλων-
810 2827 891 2863 τοῖς
924 2832 992 2857 om.
1019 2821 1114 2856 VRC
1251 2823 1293 2855 22
1326 2817 1604 2866 περιεπήροντο
1629 2816 1663 2851 R
1690 2819 1727 2850 et
1749 2819 1789 2849 ut

132 2869 203 2905 uid·
227 2871 276 2905 V¹
389 2875 546 2919 ξίφεσιν]
570 2875 719 2921 βέλεσιν
743 2877 774 2910 V
