2018 3236
150 231 201 270 39

150 365 202 402 4O

153 632 201 669 41

157 1035 209 1073 42

158 1239 210 1278 43

161 1440 213 1477 44

164 1775 216 1814 45

233 115 312 151 162
665 112 730 146 DE
755 112 913 147 BELLO
937 110 1036 146 IUD.
1062 111 1097 145 ΙΙ
1121 113 1252 146 39-45
1278 115 1334 151 (ΠΙ
1363 117 1386 142 1.
1412 112 1441 153 2)

344 227 419 267 III.
456 229 489 266 1.
538 225 653 277 Πρὶν
685 223 730 265 δὲ
762 221 909 277 ὃρίσαι
941 241 985 266 τι
1016 224 1119 278 περὶ
1150 221 1315 264 τούτων
1348 225 1555 278 Καίσαρα
1593 224 1772 280 τελευτᾷ
1801 224 1879 277 μὲν

235 289 255 346 ἦ
284 288 532 344 Ἀρχελάου
563 290 702 346 μήτηρ
734 289 964 346 Mamm&
1003 289 1249 346 νοσήσασα,
1291 287 1412 343 παρὰ
1452 285 1624 344 Οὐάρου
1656 285 1697 331 δ’
1735 289 1879 344 ἐκομί-

236 361 409 414 σθησαν
441 357 484 399 ἐκ
514 361 675 410 Συρίας
714 355 945 399 ἐπιστολαὶ
987 358 1089 412 περὶ
1119 359 1196 412 τῆς
1220 352 1450 399 Ἰουδαίων
1489 352 1800 409 ἀποστάσεως,
1830 356 1881 412 ἣν

234 424 525 479 προϊδόμενος
556 422 577 466 ὁ
618 421 807 479 Οὔαρος,
849 420 977 479 ἀνέβη
1017 423 1099 479 γὰρ
1134 422 1243 477 μετὰ
1274 422 1350 465 τὸν
1375 419 1612 479 Ἀρχελάου
1651 425 1789 466 πλοῦν
1822 423 1884 473 εἷς

229 490 507 546 Ἱεροσόλυμα
536 489 637 540 τοὺς
667 494 1015 547 παρακινοῦντας
1052 490 1274 541 καθέξων,
1316 489 1467 548 ἐπειδὴ
1499 490 1722 547 πρόδηλον
1751 481 1803 547 ἧν
1833 490 1882 533 τὸ

236 559 413 615 πλῆθος
445 554 519 600 οὐκ
549 555 778 614 ἠρεμῆσον,
820 559 864 600 ἓν
894 561 980 600 τῶν
1010 560 1143 613 τριιῦν
1175 553 1264 599 ἀπὸ
1297 561 1458 611 Συρίας
1488 557 1733 612 ταγμάτων,
1773 552 1883 612 ὅπερ

239 622 354 680 ἄγων
393 621 506 681 ἧκεν,
547 625 590 667 ἐν
621 628 674 681 τῇ
705 621 836 667 πόλει
877 626 1147 667 καταλείπει.
1207 625 1279 666 καὶ
1322 620 1452 674 αὐτὸς
1490 625 1568 678 μὲν
1607 622 1884 680 ὑπέστρεψεν

238 692 300 742 εἰς
325 688 629 746 )Αντιόχειαν,
671 691 877 735 ἐπελθών
910 692 955 734 δὲ
986 692 1007 735 ὁ
1038 695 1226 745 Σαβῖνος
1258 688 1461 748 ἀφορμὴν
1493 688 1640 741 αὐτοῖς
1670 695 1884 747 παρέσχεν

237 764 602 814 νεωτεροποιίας·
635 756 735 809 τούς
756 776 802 801 τε
822 758 902 814 γὰρ
926 758 1144 816 φρουροὺς
1174 758 1474 813 παραδιδόναι
1499 757 1578 808 τὰς
1600 756 1734 816 ἄκρας
1764 757 1884 813 ἐβιά-

239 826 332 877 ζετο
354 827 425 868 καὶ
448 829 617 882 πικρῶς
635 826 687 869 τα
708 826 916 880 βασιλικὰ
943 826 1145 884 χρήματα
1176 826 1391 882 διηρεύνα,
1424 824 1662 875 πεποιθώς
1684 822 1732 868 οὐ
1754 825 1887 879 μόνον

238 903 331 943 τοῖς
352 892 438 935 ὑπὸ
469 890 642 948 Οὐάρου
665 895 1005 951 καταλειφθεῖσι
1029 893 1333 949 στρατιώταις,
1361 889 1472 935 ἀλλὰ
1493 895 1563 935 καὶ
1587 893 1756 950 πλήθει
1787 892 1886 935 δού-

241 962 326 1003 λων
349 960 486 1010 ἰδίων,
520 961 594 1011 οὓς
625 956 826 1010 ἅπαντας
857 959 1049 1011 ὁπλίσας
1079 959 1319 1018 ὑπηρέταις
1351 960 1499 1018 ἐχρῆτο
1521 963 1596 1018 τῆς
1617 960 1886 1010 πλεονεξίας.

242 1027 451 1085 ἐνστάσης
483 1028 529 1070 δὲ
554 1030 630 1085 τῆς
661 1031 966 1087 πεντηκοστῆς,
1000 1025 1113 1071 οῧτω
1143 1029 1349 1070 καλοῦσίν
1380 1046 1478 1070 τινα
1508 1027 1660 1085 ἑορτήν
1686 1025 1888 1070 Ἰουδαῖοι

241 1091 350 1149 παρ’
377 1094 490 1137 ἑπτὰ
520 1098 746 1152 γινομένην
769 1094 1017 1149 ἑβδομάδας
1037 1098 1109 1138 καὶ
1131 1094 1207 1136 τὸν
1229 1091 1425 1149 ἀριθμὸν
1447 1098 1532 1138 τῶν
1553 1093 1725 1153 ἡμερῶν
1747 1110 1887 1149 προσ-

239 1166 419 1219 ηγορίαν
458 1162 658 1215 ἔχουσαν,
701 1159 774 1215 οὐχ
813 1160 837 1220 ἡ
877 1162 1069 1220 συνήθης
1107 1166 1322 1219 θρησκεία
1361 1162 1594 1220 συνήγαγεν
1630 1162 1707 1206 τὸν
1739 1163 1888 1221 δῆμον,

243 1225 340 1270 ἀλλ’
380 1226 401 1286 ἡ
435 1225 735 1286 ἀγανάκτησις.
797 1230 1060 1285 συνέδραμεν
1097 1233 1197 1286 γοῦν
1233 1231 1411 1288 πλῆθος
1449 1227 1634 1284 ἄπειρον
1665 1230 1709 1273 ’ἐκ
1738 1247 1786 1272 τε
1815 1232 1890 1287 τῆς

244 1297 486 1346 Γαλιλαίας
517 1299 589 1339 καὶ
621 1296 664 1339 ἐκ
693 1300 770 1354 τῆς
796 1293 1042 1350 Ἰδουμαίας
1068 1294 1347 1353 Ἱεριχοῦντός
1376 1314 1423 1339 τε
1451 1300 1615 1354 καὶτῆς
1645 1295 1757 1352 ὑπὲρ
1784 1294 1889 1351 Ἰορ-

247 1364 379 1420 δάνην
400 1369 611 1419 Περαίας,
643 1362 867 1420 ὑπερεῖχεν
890 1364 935 1406 δὲ
958 1364 1126 1422 πλήθει
1147 1366 1218 1406 καὶ
1249 1368 1527 1420 προθυμίαις
1557 1361 1725 1418 ἀνδρῶν
1747 1362 1768 1407 ὁ
1791 1364 1890 1421 γνή-

246 1446 341 1481 σιος
380 1431 426 1481 ἐξ
465 1428 595 1488 αὐτῆς
621 1427 841 1481 Ἰουδαίας
879 1431 996 1480 λαός.
1057 1432 1357 1485 διανείμαντες
1397 1432 1442 1474 δὲ
1482 1434 1598 1488 σφᾶς
1637 1427 1792 1481 αὐτοὺς
1831 1431 1892 1480 εἷς

245 1502 347 1550 τρία
376 1501 483 1555 με’ρη
516 1501 639 1556 τριχῆ
679 1498 1123 1552 στρατοπεδεύονται,
1164 1498 1277 1552 πρός
1305 1515 1352 1540 τε
1382 1501 1445 1554 τιιιῖ
1473 1502 1633 1554 βορείῳ
1665 1501 1742 1540 τοῦ
1775 1498 1891 1550 ἱεροῦ

246 1567 423 1619 κλίματι
455 1568 527 1608 καὶ
550 1566 663 1621 πρὸς
683 1568 745 1620 τῷ
767 1567 1049 1622 μεσημβρινῷ
1078 1565 1187 1607 κατὰ
1219 1564 1295 1608 τὸν
1328 1565 1621 1619 ἱππόδρομον,
1653 1562 1678 1622 ἡ
1703 1565 1748 1608 δὲ
1769 1568 1892 1621 τρίτη

247 1642 380 1688 μοῖρα
411 1632 525 1688 πρὸς
555 1643 648 1682 τοῖς
677 1634 922 1686 βασιλείοις
952 1632 1060 1674 κατὰ
1094 1632 1230 1675 δύσιν.
1290 1631 1685 1687 περικαθεζόμενοι
1714 1631 1760 1674 δὲ
1781 1647 1895 1673 παν-

249 1700 440 1752 ταχόθεν
472 1699 573 1750 τοὺς
599 1698 836 1754 Ῥωμαίους
868 1699 1166 1755 ἐπολιόρκουν.

362 1771 400 1809 2.
437 1765 483 1810 Ὁ
523 1768 570 1810 δὲ
601 1773 785 1822 Σαβῖνος
825 1766 937 1821 πρός
976 1783 1022 1809 τε
1061 1766 1110 1809 τὸ
1152 1768 1328 1824 πλῆθος
1368 1762 1509 1810 αὐτῶν
1547 1764 1788 1816 ὑποδείσας
1824 1768 1897 1808 καὶ

362 1925 382 1966 ξ
402 1926 443 1957 39
469 1941 512 1952 =
535 1925 620 1958 Ant.
644 1923 720 1957 Iud.
747 1923 849 1957 XVII
875 1926 951 1958 250.

362 2070 592 2105 PAMLVRC
602 2071 681 2105 Lat.

365 2129 384 2160 2
404 2123 607 2172 Μαλθακὴ]
624 2128 803 2171 μαλθακῆ
819 2125 905 2159 ML2
922 2121 1099 2170 μαλθάκη
1118 2135 1207 2159 corr.
1235 2136 1276 2160 ex
1299 2128 1491 2171 μαλθακῆι
1508 2125 1540 2160 V
1563 2125 1746 2160 marthace
1762 2125 1833 2160 Lat

254 2180 460 2228 νοσήσασα]
485 2179 588 2218 νόσω
607 2178 800 2227 νοσήσασα
819 2180 920 2214 ΡΑΜ
938 2179 1132 2226 νοσήσασα
1150 2178 1256 2216 νόσω
1280 2181 1328 2215 L2
1351 2182 1474 2216 morbo
1492 2185 1661 2227 correpta
1684 2180 1771 2222 Lat3
1797 2177 1901 2228 νόσῳ

252 2240 331 2272 fort.
349 2238 590 2282 reponendum
648 2238 686 2274 δὲ
702 2237 833 2272 ALVR
896 2239 914 2269 3
934 2231 1176 2272 α’ποστασίασ
1188 2237 1227 2271 Μ
1286 2240 1306 2270 4
1323 2235 1586 2283 προϊδόμενος]
1604 2236 1759 2271 Dindorf
1772 2249 1899 2282 προει-

252 2292 417 2338 δόμενοσ
435 2294 538 2330 codd.
610 2289 629 2329 ὃ
656 2304 724 2328 om.
749 2292 916 2327 MLVRO
985 2289 1070 2337 γὰρ]
1095 2289 1168 2337 γὰρ
1193 2289 1233 2336 δὴ
1259 2292 1385 2327 LVRC
1454 2291 1535 2334 τὸν]
1561 2296 1638 2328 τῶν
1655 2292 1696 2326 C¹
1767 2295 1786 2326 6
1811 2295 1900 2336 πλῆ-

254 2354 337 2392 θος]
362 2351 465 2384 ΡΑΜ
476 2350 545 2384 Lat
570 2346 686 2386 ἕθνοσ
710 2348 836 2383 LVRC
910 2346 961 2389 ἓν]
987 2346 1027 2383 ἐν
1055 2350 1095 2392 τῆ
1118 2347 1163 2380 L¹
1189 2345 1230 2383 ἓν
1254 2361 1288 2383 τι
1312 2348 1455 2382 L2VRC
1525 2345 1601 2384 ἀπὸ
1629 2349 1764 2395 συρίασ
1787 2351 1903 2393 τριῶν

256 2411 301 2441 tr.
318 2408 351 2442 V
374 2406 471 2441 haud
487 2406 578 2440 male
647 2399 746 2451 ἅπερ
770 2405 878 2439 uertit
894 2404 964 2438 Lat
1033 2407 1049 2436 τ
1076 2397 1164 2448 ἧκεν
1181 2400 1285 2449 ἄγων
1301 2407 1345 2438 tr.
1363 2404 1489 2438 LVRC
1557 2404 1579 2437 i.
1604 2414 1713 2447 marg.
1738 2406 1759 2440 ἕ
1785 2403 1845 2439 Vc

256 2466 274 2497 8
302 2460 321 2499 ὁ
350 2473 417 2497 om.
445 2462 471 2496 C
586 2465 758 2508 σαβῖνοσ,
785 2474 832 2496 σα
856 2470 901 2495 ex
923 2463 975 2506 βα
1001 2469 1092 2494 corr.
1119 2459 1146 2492 P
1241 2462 1279 2493 10
1304 2460 1475 2505 βασίλεια
1499 2459 1625 2493 LVRC
1743 2463 1779 2493 11
1808 2465 1904 2501 τοῖσ,

258 2525 318 2554 οῖσ
342 2519 365 2553 i.
390 2528 460 2553 ras.
485 2518 518 2550 A
638 2520 675 2551 12
702 2513 882 2563 ὑπηρέται
909 2516 950 2550 C¹
1067 2518 1107 2549 14
1131 2514 1334 2560 γενομένην
1358 2515 1429 2548 AM
1541 2517 1604 2549 καὶ
1629 2511 1698 2549 τὸν
1723 2509 1902 2561 αριθμὸν]

257 2585 305 2609 ex
329 2584 450 2609 eorum
474 2584 621 2607 numero
647 2573 717 2606 Lat
739 2569 836 2608 κατὰ
869 2568 938 2608 τὸν
961 2567 1128 2615 α’ριθμὸν
1152 2571 1299 2605 Hudson
1428 2571 1588 2614 ἡμερῶν,
1614 2571 1693 2614 ρῶν
1716 2571 1831 2614 suppl.
1857 2581 1902 2605 m.

258 2633 276 2663 2
304 2630 329 2663 C
401 2632 441 2664 15
474 2625 621 2674 ἔχουσιν
645 2629 672 2662 Ρ
768 2632 806 2663 16
832 2624 918 2664 ἄλλ’
943 2624 976 2673 ἡ]
1008 2626 1158 2661 PAML²
1187 2622 1280 2662 ἀλλὰ
1306 2626 1448 2660 L¹VRG
1526 2629 1563 2659 17
1589 2628 1652 2660 καὶ
1676 2624 1718 2661 ἐκ
1741 2628 1815 2671 τῆς]
1840 2629 1903 2662 καὶ

257 2685 384 2719 LVRC
476 2688 540 2730 τῆς
563 2682 669 2730 ὑπὲρ]
687 2683 781 2731 ὑπὲρ
806 2684 848 2717 C¹
924 2686 960 2718 18
987 2684 1207 2729 προθυμίασ
1230 2682 1293 2716 PA
1384 2677 1531 2727 ἀνδρῶν
1551 2691 1619 2715 om.
1636 2680 1708 2714 Lat
1801 2683 1841 2715 19
1865 2682 1904 2718 δὲ

256 2752 283 2775 S-
303 2742 335 2773 A
405 2739 564 2776 ἑαυτοὺσ
585 2740 712 2775 LVRC
784 2743 823 2776 21
849 2738 1007 2785 κλήματι
1025 2739 1061 2772 Μ
1132 2740 1197 2786 τῷ]
1215 2735 1258 2773 τὸ
1277 2737 1368 2771 L¹C¹
1437 2733 1470 2782 ἡ]
1496 2735 1531 2772 οἳ
1554 2736 1577 2770 i.
1594 2746 1664 2770 ras.
1683 2737 1714 2770 A
1784 2738 1905 2783 τρίτη]

258 2800 302 2842 τῆ
326 2798 431 2843 τρίτη
449 2797 480 2829 Α
551 2800 592 2831 22
616 2794 713 2833 κατὰ
732 2794 834 2832 δύσιν
859 2807 901 2831 ex
924 2793 1124 2831 κατάδυσιν
1150 2805 1239 2829 corr.
1266 2804 1355 2827 man.
1383 2796 1401 2826 2
1424 2792 1455 2826 L
1525 2791 1562 2828 δὲ
1587 2803 1653 2826 om.
1681 2792 1743 2825 PA
1813 2790 1904 2829 πάν-

258 2856 373 2889 τοθεν
397 2852 522 2887 LVRC

1920 835 1955 867 10

1922 1172 1958 1204 15
