2018 3236
82 276 163 316 266

84 544 163 583 267

87 809 167 849 268

87 1010 168 1050 269

91 1277 170 1316 270

92 1479 169 1518 271

194 162 273 199 548
545 157 609 191 DE
635 153 793 190 BELLO
819 152 915 188 IUD.
940 151 991 186 VI
1015 153 1189 185 265-271
1218 153 1264 191 (lv
1292 156 1320 181 7.
1348 155 1375 180 8.
1401 154 1421 179 v
1450 152 1479 191 1)

194 276 281 327 πῦρ
315 272 376 321 εἰς
405 269 505 318 τοὺς
537 269 754 322 στροφέας
786 262 986 316 ἐμβαλών
1016 279 1093 318 της
1124 262 1265 318 πυλης
1295 265 1322 311 τ
1355 278 1398 303 εν
1430 260 1592 316 σκότω·
1632 260 1732 302 τότε
1761 258 1841 314 γὰρ

194 340 402 393 ἐξαπίνης
433 335 615 377 ἔνδοθεν
648 331 908 413 ἐκφανείσης
940 329 1103 386 φλογὸς
1125 346 1167 371 οι
1188 345 1235 371 τε
1257 326 1461 385 ἡγεμόνες
1491 327 1601 381 μετὰ
1632 329 1710 369 τοῦ
1730 330 1843 368 Καί-

194 420 326 458 σαρος
358 398 611 455 ἆνεχωρουν,
642 401 715 441 καὶ
735 397 837 447 τοὺς
859 397 1025 447 ἔξωθεν
1048 392 1190 445 ουδεὶς
1219 394 1441 451 ὑφάπτειν
1473 393 1668 437 εκώλυεν.
1719 391 1740 436 ὃ
1764 394 1842 447 μὲν

194 470 268 515 οὖν
300 468 403 517 ναὸς
434 463 572 517 ου’τως
604 464 782 515 α’κοντος
813 469 1040 519 Καίσαρος
1072 463 1364 518 ἐμπίπραται.

308 539 345 579 8.
377 535 531 578 Πολλὰ
564 530 604 576 ὅ
643 531 694 576 άν
734 549 801 583 τις
842 527 1231 588 ἐπολοφυράμενος
1271 530 1380 585 ε’ργω
1421 529 1601 571 πάντων
1641 525 1701 570 ὦν
1740 525 1847 583 ’σ’ψει

193 608 263 647 καὶ
297 600 403 659 ἀκοῇ
445 601 782 684 παρειλήφαμεν
822 598 1185 653 θαυμασιωτάτῳ
1225 599 1490 653 κατασκευῆς
1528 613 1575 638 τε
1614 595 1735 638 ἕνεκα
1773 597 1843 638 καὶ

194 675 410 748 μεγέθους
450 669 511 712 ἔτι
551 685 598 710 τε
638 684 714 724 της
744 663 852 709 καθ
891 666 1072 709 ἕκαστον
1114 665 1398 713 πολυτελείας
1437 665 1507 706 καὶ
1548 679 1623 721 της
1659 665 1761 718 περὶ
1792 662 1846 705 τὰ

197 735 298 793 α’για
331 737 480 793 δόξης,
513 739 720 790 μεγίστην
753 730 882 788 λάβοι
914 735 1210 787 παραμυθίαν
1240 730 1318 788 τὴν
1353 731 1616 787 εἱμαρμένην
1655 728 1848 807 ἄφυκτον

199 804 333 848 οὖσαν
365 799 515 857 ω’σπερ
549 801 761 856 ἐμψύχοις
793 797 905 843 οἷ’τω
935 818 1007 843 και
1040 800 1182 854 ε’ργοις
1211 801 1284 841 καὶ
1315 798 1485 847 τόποις.
1545 793 1779 850 θαυμάσαι
1802 792 1842 838 ὁ

198 870 249 915 άν
278 888 345 921 τις
377 888 420 913 εν
453 887 558 926 αυτη
599 886 676 925 της
716 868 926 923 περιόδου
965 867 1042 924 τὴν
1085 864 1330 920 ἀκρίβειαν·
1370 867 1443 907 καὶ
1481 867 1596 921 μῆνα
1630 866 1752 919 γοῦν,
1793 861 1852 913 (ὃς

197 940 318 996 ἔφην,
350 940 420 980 καὶ
453 935 616 994 ἡμέραν
655 935 860 993 ἐτήρησεν
895 933 972 990 τὴν
1005 930 1156 991 αυτήν,
1197 950 1241 975 εν
1271 929 1296 989 ᾖ
1329 932 1544 987 πρότερον
1582 929 1668 973 ὗπο
1703 934 1849 985 Βαβυ-

200 1008 367 1049 λωνίων
390 1023 411 1048 ο
436 1003 540 1054 ναὸς
571 1003 839 1060 ἐνεπρήσθη.
890 1019 959 1044 και
985 998 1073 1043 ἀπὸ
1097 1001 1176 1055 μὲν
1196 1017 1271 1057 της
1294 1000 1470 1055 πρώτης
1501 998 1634 1041 αὐτοῦ
1655 1002 1849 1049 κτίσεως,

197 1074 249 1131 ἣν
279 1072 540 1127 κατεβά2ετο
573 1069 780 1124 Σο2ομιὺν
811 1067 832 1112 ὁ
865 1069 1091 1123 βασι2ευς,
1131 1071 1255 1123 μέχρι
1294 1084 1371 1123 της
1401 1069 1474 1109 νῦν
1507 1062 1792 1119 ἀναιρέσεως,
1824 1063 1848 1119 ἣ

197 1145 367 1197 γέγονεν
399 1140 486 1182 ε’τει
518 1139 704 1193 δευτέρω
736 1153 812 1192 της
850 1132 1189 1179 Ουεσπασιανοῦ
1220 1133 1473 1190 ηγεμονίας,
1515 1150 1587 1190 ετη
1621 1132 1852 1187 συνάγεται

196 1210 316 1262 χί2ια
347 1206 501 1249 εκατὸν
532 1205 779 1260 τριάκον,τα
812 1203 926 1258 πρὸς
948 1204 994 1246 δὲ
1016 1220 1146 1261 μηνες
1168 1202 1280 1244 ἑπτὰ
1301 1204 1370 1245 καὶ
1406 1200 1769 1243 πεντεκαίδεκαν
1746 1196 1852 1255 ἡμέ-

204 1288 297 1330 ραι·
340 1272 428 1317 ἀπὸ
471 1274 516 1315 δὲ
554 1288 630 1329 της
668 1267 869 1326 ὕστερον,
914 1270 966 1328 ἢν
1007 1271 1094 1313 ε’τει
1135 1270 1321 1324 ὁευτερῳ
1360 1268 1505 1324 Κύρου
1543 1266 1853 1321 βασιλευοντος

204 1342 445 1398 ἐποιήσατο
481 1337 705 1396 Ἀγγαῖος,
747 1338 818 1395 ἔτη
859 1342 983 1393 μέχρι
1021 1340 1097 1394 τῆς
1136 1335 1221 1380 ὑπὸ
1271 1332 1609 1379 Οὐεσπασιανοῦ
1651 1332 1854 1383 ἁλώσεως

201 1411 562 1463 τριακονταεννέα
594 1405 708 1460 πρὸς
739 1405 983 1455 ἑξακοσίοις
1014 1407 1083 1447 καὶ
1120 1402 1276 1459 ἡμέραι
1305 1404 1778 1457 τεσσαρακονταπέντε.

315 1478 362 1519 V.
398 1481 432 1518 1.
466 1477 714 1527 Καιομένου
748 1473 793 1514 δὲ
824 1475 899 1514 τοῦ
932 1474 1036 1514 ναοῦ
1067 1475 1154 1514 τῶν
1185 1472 1263 1526 μὲν
1295 1465 1672 1526 προσπιπτόντων
1694 1458 1745 1525 ἦν
1776 1464 1855 1520 ἆρ-

204 1543 334 1600 παγή,
368 1542 504 1598 φόνος
527 1541 572 1582 δὲ
593 1542 679 1582 τῶν
701 1541 1158 1594 καταλαμβανομένων
1187 1543 1342 1593 μυρίος
1371 1538 1443 1579 καὶ
1477 1533 1576 1578 οὔτε
1605 1533 1775 1593 ἡλικίας
1805 1526 1856 1591 ἦν

204 1610 322 1659 ἔλεος
353 1605 445 1651 οὔτ’
484 1606 670 1664 ἐντροπὴ
705 1606 981 1663 σεμνότητος,
1016 1602 1126 1648 ἀλλὰ
1158 1607 1230 1648 καὶ
1263 1605 1426 1647 παιδία
1456 1605 1527 1646 καὶ
1558 1606 1754 1659 γέροντες
1783 1603 1854 1644 καὶ

203 1678 381 1732 βέβηλοι
412 1677 482 1718 καὶ
517 1675 646 1730 ἱερεῖς
676 1671 842 1727 ὁμοίως
874 1669 1126 1728 ἀνῃροῦντο,
1158 1674 1230 1714 καὶ
1254 1674 1343 1713 πᾶν
1373 1674 1494 1727 γένος
1524 1669 1699 1725 ἐπεξῄει
1730 1685 1857 1723 περι-

206 1743 318 1797 σχὼν
349 1742 370 1785 ὁ
404 1742 618 1796 πόλεμος,
659 1738 770 1794 ὁμοῦ
800 1740 902 1789 τούς
932 1756 980 1781 τε
1011 1739 1278 1789 ἱκετεύοντας
1312 1740 1382 1780 καὶ
1416 1737 1517 1786 τοὺς
1549 1733 1855 1790 ἀμυνομένους.

317 1909 626 1945 PAMLVRCLat
660 1908 821 1942 Zonaras
847 1907 863 1940 I
887 1919 920 1950 p.
945 1910 1021 1941 542.

322 1971 336 2001 1
363 1965 535 2010 τροφὲασ
551 1965 583 1998 V
675 1959 863 2010 ἐμβαλὼν]
888 1960 1086 2009 ἐμβάλλων
1103 1962 1135 1995 Α
1152 1962 1349 1996 subiecerat
1375 1960 1442 1994 Lat
1534 1959 1574 1995 ἐν
1592 1957 1729 2005 σκότῳ]
1756 1959 1858 1994 codd.

206 2023 281 2067 Syr⁷
307 2033 374 2057 om.
401 2021 548 2055 LatZon
573 2033 619 2066 γρ
641 2021 704 2054 καὶ
721 2018 761 2054 ἐν
777 2021 903 2055 κοντιῦ
926 2019 948 2053 i.
967 2028 1075 2061 marg.
1094 2018 1132 2052 M
1206 2014 1294 2052 τότε
1319 2015 1392 2062 γὰρ
1417 2014 1600 2061 εξαπινης]
1625 2014 1803 2061 εξαπίνησ
1821 2028 1841 2050 τ

206 2082 259 2119 (τε
285 2078 336 2119 Μ)
360 2076 494 2112 MVRC
519 2078 554 2110 et
578 2078 619 2110 ut
642 2075 712 2109 uid.
740 2075 814 2109 Zon
840 2078 984 2119 tumque
1007 2073 1124 2108 subito
1150 2073 1219 2107 Lat
1290 2075 1308 2106 2
1335 2075 1413 2113 τοῦ]
1440 2074 1532 2107 τοῦσ
1556 2071 1604 2105 V¹
1697 2073 1715 2104 3
1740 2068 1860 2116 ὑφάπ-

205 2149 281 2171 των
307 2134 336 2168 L
360 2130 543 2179 ἐφάπτειν
566 2131 656 2166 PAC
758 2134 778 2164 4
804 2124 870 2166 οὖν
894 2140 960 2164 om.
986 2129 1025 2163 M
1117 2128 1374 2175 ε’μπιμπρᾶται
1398 2128 1431 2162 V
1454 2125 1685 2172 ἐμπιπρᾶται
1710 2126 1770 2161 Rc

207 2194 226 2225 5
252 2191 274 2225 i.
300 2200 406 2233 marg.
431 2186 486 2232 κζ’
513 2189 539 2222 C
620 2187 658 2223 δὲ
682 2186 749 2221 VR
829 2182 1170 2231 ἐπολοφυράμενοσ
1194 2185 1223 2218 L
1249 2181 1596 2229 επωλοφυράμενοσ
1622 2183 1648 2217 C
1740 2195 1862 2227 εργων

206 2246 305 2281 LVR
419 2238 472 2280 ὧν
496 2255 562 2280 om.
590 2243 628 2277 M
743 2245 762 2276 6
788 2240 1085 2286 θαυμασιώτατα
1111 2241 1140 2274 L
1255 2253 1374 2276 κατα·
1386 2241 1532 2284 σκευῆσ,
1556 2248 1645 2273 eras.
1672 2250 1694 2273 σ
1718 2239 1751 2271 Α

208 2300 348 2339 ἕνεκα
376 2301 407 2334 Α
498 2303 515 2333 7
541 2295 634 2335 καθ’
660 2296 833 2339 ἕκαστον]
858 2299 943 2344 περὶ
967 2296 1210 2333 καθέκαστον
1237 2296 1263 2329 L
1357 2298 1375 2329 9
1402 2296 1530 2336 οὐσαν,
1557 2295 1600 2330 οὐ
1624 2294 1646 2329 i.
1672 2304 1743 2328 ras.
1769 2293 1795 2326 C

210 2352 335 2394 οἱῖτωσ
359 2357 389 2391 L
481 2352 691 2399 θαυμάσειε
716 2355 823 2389 LZon
918 2356 954 2387 11
983 2349 1188 2398 ἐπετήρησε
1213 2350 1307 2386 VRG
1408 2353 1449 2384 12
1473 2349 1679 2396 ἐνεπρίσθη
1703 2350 1735 2383 Α
1759 2361 1863 2385 κατε-

210 2413 324 2459 φλέγη
349 2413 377 2446 L
496 2413 534 2445 13
560 2406 616 2456 ἣν]
642 2404 687 2455 ἦν
712 2412 743 2442 Α
857 2409 1113 2454 κατεβάλλετο
1140 2407 1189 2440 Α1
1315 2409 1493 2450 σολομιῦν
1517 2406 1611 2441 PAV
1636 2402 1814 2449 σολόμων
1839 2404 1865 2439 C

209 2470 370 2504 salomon
394 2468 465 2501 Lat
537 2470 576 2500 14
601 2463 673 2502 ἔτει
697 2484 743 2490 ——
759 2461 973 2510 ἡγεμονίας]
997 2463 1154 2498 secundo
1179 2474 1274 2497 anno
1296 2463 1476 2508 principis
1499 2461 1706 2507 zeespasiani
1730 2460 1799 2494 Lat

209 2524 251 2561 ἐν
275 2522 347 2560 ἔτει
371 2523 435 2557 AL
527 2518 746 2568 ἡγεμονίασ,
771 2521 837 2554 litt.
866 2517 1022 2565 ἧγεμονί
1045 2519 1068 2553 i.
1096 2529 1167 2553 ras.
1194 2522 1213 2552 6
1237 2519 1304 2552 litt.
1333 2520 1363 2551 A
1387 2518 1588 2565 βασιλείασ
1611 2517 1641 2550 L
1751 2519 1790 2550 15
1816 2515 1865 2557 δὲ]

211 2580 249 2616 δὲ
272 2582 335 2615 καὶ
358 2579 388 2612 L
495 2579 612 2622 μῆνεσ
637 2579 828 2631 ΘΧ-μῆνασ
853 2585 942 2609 corr.
970 2575 1007 2608 M
1112 2573 1314 2610 δεκαπέντε
1338 2574 1368 2608 L
1478 2577 1516 2607 1ss
1542 2573 1580 2609 δὲ
1605 2571 1720 2616 suppl.
1745 2571 1778 2607 V

210 2638 286 2680 τῆς]
311 2637 380 2679 τῆσ
401 2634 457 2670 εἰσ
475 2633 502 2667 Ρ
593 2628 650 2677 ἢν]
675 2633 720 2676 ἠν
736 2633 769 2665 Α
860 2627 913 2666 ἔτι
929 2631 959 2664 L
1055 2634 1092 2664 17
1118 2626 1298 2676 Ἀγγαῖος]
1323 2625 1489 2676 άγμαῖοσ
1505 2628 1538 2664 R
1631 2631 1670 2662 18
1695 2640 1866 2674 τριακον-

212 2723 347 2760 ταενέα
372 2723 401 2756 L
508 2719 667 2766 ἧμέραισ
690 2720 784 2753 PAL
892 2696 1286 2763 τεσσὲρακονταπέντε
1311 2722 1351 2759 (s.
1376 2728 1421 2751 m.
1448 2720 1479 2759 2)
1503 2717 1534 2751 V
1644 2721 1683 2752 19
1708 2717 1730 2750 i.
1756 2726 1865 2759 marg.

212 2777 275 2825 κη’
302 2778 327 2813 C
420 2779 461 2811 20
485 2777 620 2821 μυριόσ
645 2785 688 2809 ex
711 2776 870 2819 μυρίουσ
894 2778 982 2828 σοῖν.
1008 2774 1037 2807 L
1130 2778 1192 2810 καὶ
1218 2773 1316 2815 οὔτε]
1343 2771 1429 2809 οὔτε
1453 2774 1484 2806 Α
1511 2771 1597 2808 οὔτε
1620 2769 1694 2819 γὰρ
1718 2772 1756 2806 Μ
1781 2769 1866 2806 σι’-’τε

214 2834 252 2870 δὲ
276 2828 323 2875 (δ’
351 2833 389 2874 C)
413 2831 540 2866 LVRC
565 2841 629 2865 nec
653 2834 717 2865 aut
739 2830 810 2864 Lat
899 2830 944 2874 ἠν
974 2826 1123 2874 ἡλικίασ
1151 2832 1196 2864 tr.
1222 2829 1252 2863 L
1346 2831 1384 2862 21
1414 2826 1500 2864 οὒτε
1524 2828 1590 2863 VR
1682 2830 1723 2862 22
1748 2826 1866 2872 περιέ-

213 2903 292 2936 χων
316 2889 382 2924 VR
474 2890 514 2921 23
541 2885 629 2927 τούς
653 2895 720 2920 om.
747 2885 840 2920 VRG

1882 873 1917 906 10

1884 1207 1920 1240 15

1887 1543 1924 1575 20
