2018 3236
115 345 195 385 493

113 611 193 649 494

113 744 191 784 495

113 879 192 919 496

112 1149 192 1187 497

112 1283 193 1323 498

113 1484 193 1524 499

226 161 306 197 502
663 157 728 190 DE
754 156 912 190 BELLO
938 155 1033 190 IUD.
1059 156 1091 190 V
1118 157 1294 190 492—499
1318 155 1380 196 (XII
1411 158 1438 196 1)

972 263 993 278 x)
1050 263 1061 278 3

227 270 588 326 συμπεπλέχθαι,
636 267 913 324 προσιόντων
953 267 975 309 δ
1040 267 1222 321 αθρόων
1263 262 1362 309 οὐδὲ
1401 265 1477 323 τὴν
1518 266 1678 323 ἔφοδον
1720 267 1878 310 οἴσειν·

227 336 657 392 καταχωσθήσεσθαι
697 333 779 389 γὰρ
811 331 896 376 ’ὑπὸ
940 337 1026 376 τιῦν
1055 336 1208 389 βελῶν.
1268 336 1355 376 τιῦν
1387 329 1428 375 δ’
1466 329 1806 390 ἀσφαλεστέρων
1838 335 1880 377 οἳ

224 405 301 458 μὲν
332 405 400 445 καὶ
434 402 488 444 τὰ
516 402 699 456 χώματα
730 410 876 444 ποιεῖν
908 400 1057 453 πάλιν,
1091 402 1132 444 οἱ
1155 401 1294 444 δὲκαὶ
1321 401 1420 454 δίχα
1450 402 1616 443 τούτων
1647 404 1880 456 προσκαθ-

225 472 405 522 έζεσθαι
449 470 583 523 μόνον
628 468 1058 525 παραφυλάττοντας
1094 469 1173 519 τάς
1212 485 1258 511 τε
1298 467 1473 519 ἐξόδους
1512 464 1654 511 αὐτῶν
1691 471 1762 512 καὶ
1803 468 1881 519 τὰς

225 536 477 590 εἰσκομιδὰς
506 539 593 579 τιῦν
625 536 888 593 ἐπιτηδείων
920 536 1144 593 παρῄνουν
1174 538 1244 578 καὶ
1271 538 1333 591 τῷ
1357 536 1469 591 λιμῷ
1499 537 1783 578 καταλείπειν
1805 534 1881 592 τὴν

224 605 368 657 πόλιν,
399 605 508 662 μηδὲ
542 606 879 658 συμπλέκεσθαι
908 603 1019 646 κατὰ
1044 613 1168 659 χεῖρα
1198 613 1292 654 τοῖς
1322 604 1576 657 πολεμίοις·
1609 600 1778 657 ἄμαχον
1798 602 1881 658 γὰρ

224 670 336 715 εἶναι
366 671 444 729 τὴν
477 667 730 727 ἀπόγνωσιν
762 671 828 722 οἷς
860 668 956 729 εἰ·χὴ
989 671 1068 725 μὲν
1098 670 1146 714 τὸ
1182 670 1346 728 σιδήρῳ
1379 679 1544 723 πεσεῖν,
1576 665 1810 712 ἀπόκειται
1836 670 1881 712 δὲ

223 740 292 781 καὶ
327 739 425 792 δίχα
455 739 610 781 τοτ’-του
642 738 796 789 πάθος
824 735 1144 793 χαλεπώτερον.
1208 734 1325 794 αὐτῷ
1357 738 1403 780 δὲ
1434 737 1483 780 τὸ
1515 738 1593 792 μὲν
1626 733 1773 793 ἀργεῖν
1804 754 1881 779 κα-

223 805 364 848 θόλου
395 805 506 860 μετὰ
537 807 753 863 τοσαύτης
793 806 1018 860 δυνάμεως
1057 802 1132 848 οἰκ
1173 805 1313 848 ἐδόκει
1344 809 1533 860 πρέπειν
1563 807 1634 847 καὶ
1665 803 1713 847 τὸ
1749 804 1881 859 μάχε-

226 877 337 916 σθαι
360 874 567 928 περιττὸν
589 873 701 928 πρὸς
725 870 924 930 ἀλλήλων
956 876 1331 930 φθαρησομένοις,
1360 873 1609 928 βάλλεσθαι
1634 872 1679 914 δὲ
1698 871 1881 926 χώματα

224 940 429 996 δύσεργον
461 937 709 998 ἀπέφαινεν
730 937 834 998 ’ἴλης
865 936 1035 998 ἀπορίᾳ
1055 942 1127 983 καὶ
1149 939 1197 983 τὸ
1223 940 1584 996 παραφυλάττειν
1605 939 1684 990 τὰς
1707 938 1882 989 ἐξόδους

224 1009 552 1064 δυσεργότερον
593 1009 908 1052 κυκλώσασθαί
938 1025 984 1050 τε·
1013 1007 1094 1064 γὰρ
1125 1011 1177 1064 τῇ
1211 1011 1396 1065 στρατιᾷ
1427 1007 1504 1063 τὴν
1535 1003 1668 1050 πόλιν
1701 1005 1774 1049 διὰ
1804 1009 1881 1060 μέ-

221 1080 356 1131 γεθος
385 1078 457 1119 καὶ
490 1077 734 1131 δυσχωρίαν
766 1071 841 1118 οὖν.
873 1071 1056 1131 εὐμαρὲς
1095 1073 1204 1118 εἶναι
1236 1077 1306 1118 καὶ
1341 1074 1562 1132 σφαλερὸν
1594 1072 1737 1124 ἄλλως
1768 1072 1882 1128 πρὸς

224 1142 302 1193 τας
324 1143 567 1194 ἐπιθέσεις.
618 1146 704 1186 τῶν
727 1143 773 1186 δὲ
796 1145 997 1200 φανερῶν
1028 1145 1367 1199 φυλαττομένων
1390 1138 1574 1199 ἀφανεῖς
1595 1142 1881 1184 ἐπινοεῖσθαι

218 1207 448 1262 Ἰουδαίοις
479 1209 609 1261 ὁδοὺς
639 1211 748 1254 κατά
769 1228 816 1253 τε
839 1207 1025 1267 ἀνάγκην
1055 1212 1125 1253 καὶ
1150 1207 1210 1254 δι’
1237 1210 1492 1266 ἐμπειρίαν·
1526 1209 1564 1252 εἰ
1591 1209 1701 1252 δέτι
1732 1208 1880 1265 λάθρα

226 1279 736 1336 παρεισκομισθήσοιτο,
777 1278 930 1335 τριβὴν
971 1278 1159 1321 ἔσεσθαι
1193 1279 1378 1321 πλείονα
1416 1280 1469 1334 τῇ
1501 1278 1749 1333 πολιορκίᾳ.
1810 1275 1880 1318 δε-

225 1346 364 1389 διέναι
385 1363 432 1389 τε
452 1345 510 1402 μὴ
534 1346 610 1402 τὴν
637 1347 768 1397 δόξαν
789 1349 866 1389 τοῦ
897 1345 1246 1402 κατορθώματος
1279 1341 1396 1401 αὐτῷ
1418 1344 1466 1387 τὸ
1490 1347 1626 1402 μῆκος
1658 1342 1879 1399 ἐλαττώσῃ

224 1415 300 1455 τοῦ
328 1413 507 1469 χρόνου·
547 1413 688 1469 τούτῳ
719 1414 798 1467 μὲν
828 1413 909 1468 γὰρ
941 1411 1055 1456 εἶναι
1086 1416 1176 1456 πᾶν
1209 1409 1441 1467 ἀνύσιμον,
1483 1411 1597 1467 πρὸς
1629 1413 1672 1454 δὲ
1705 1413 1781 1467 τῆς
1813 1407 1882 1453 εὐ-

224 1481 368 1530 κλείας
405 1480 453 1523 τὸ
495 1481 636 1534 τάχος.
698 1481 786 1524 δεῖν
816 1498 863 1536 γε
893 1481 998 1538 μήν,
1040 1481 1078 1523 εἰ
1117 1483 1186 1524 καὶ
1228 1483 1291 1536 τῷ
1329 1481 1451 1534 τάχει
1489 1476 1586 1533 μετ)
1633 1475 1881 1536 ἀσφαλείας

222 1547 426 1599 βούλοιτο
470 1548 746 1604 χρήσασθαι,
792 1548 1099 1603 περιτειχίζειν
1145 1544 1248 1605 ὅλην
1292 1547 1370 1605 τὴν
1415 1547 1568 1590 πόλιν·
1613 1546 1759 1601 μόνως
1798 1544 1881 1601 γὰρ

224 1609 361 1664 οὕτως
400 1608 452 1656 ὃν
492 1615 642 1665 πάσας
681 1612 942 1672 ἀποφράξαι
980 1615 1060 1665 τὰς
1100 1614 1296 1667 ἐξόδους,
1336 1618 1409 1658 καὶ
1436 1611 1672 1665 Ἰουδαίους
1710 1607 1736 1671 ἢ
1767 1612 1881 1669 πρὸς

225 1676 400 1722 ἅπαντα
432 1677 706 1736 ἀπογνόντας
736 1681 812 1739 τὴν
845 1686 1065 1739 σωτηρίαν
1096 1682 1379 1737 παραδώσειν
1411 1683 1487 1740 τὴν
1514 1682 1648 1725 πόλιν
1668 1675 1694 1739 ἢ
1717 1680 1879 1734 λιμώτ-

335 1837 566 1873 PAMLVRC
578 1838 877 1883 Latflegesippus
902 1839 934 1873 V
953 1842 990 1873 21
1018 1850 1053 1883 p.
1074 1842 1148 1874 319.
1188 1839 1380 1873 Zonarasl
1406 1849 1428 1882 p
1460 1841 1535 1874 533.

339 1898 351 1928 1
381 1894 676 1939 συμπεπλέχθαι,
699 1898 751 1939 χθ
775 1895 797 1929 i.
823 1905 894 1930 ras.
920 1895 976 1937 M,
1001 1898 1021 1929 λ
1045 1895 1068 1929 i.
1094 1905 1163 1930 ras.
1190 1895 1222 1929 V
1359 1894 1397 1930 δὲ
1420 1893 1514 1929 VRC
1634 1889 1786 1940 ἀθρόον
1811 1893 1879 1927 PM

223 1947 381 1996 αθρόων
405 1951 437 1984 V
544 1952 562 1983 2
587 1952 922 1995 καταχωσθεῖσαισ
947 1951 974 1985 Ρ
1082 1951 1119 1986 δὲ
1144 1950 1343 1984 AMLVRC
1455 1946 1778 1995 α’σφα-λεστέρων
1804 1950 1834 1982 Α

223 2009 241 2039 3
267 2006 612 2051 προσκαθέζεσθαι]
638 2007 776 2041 LCZon
801 2007 1139 2053 παρακαθέζεσθαι
1165 2006 1334 2041 PAMVR
1427 2011 1444 2041 5
1471 2008 1525 2054 τῷ
1549 2016 1617 2040 om.
1643 2005 1673 2039 L
1765 2018 1879 2040 κατα-

221 2063 375 2103 λείπειν]
401 2060 586 2099 ἐκλείπειν
611 2063 637 2096 P
661 2065 907 2109 καταλείψειν
925 2065 955 2097 Α
971 2069 1176 2108 κατασχεῖν
1201 2063 1238 2097 Μ
1262 2066 1493 2108 καταλαβεῖν
1517 2062 1546 2096 L
1571 2064 1790 2097 καταλιπεῖν
1814 2060 1879 2095 VR

220 2122 460 2154 καταλειπεῑν
490 2119 516 2154 C
541 2119 744 2165 relinquere
775 2120 846 2154 Lat
961 2124 977 2154 ἵ
1016 2115 1246 2165 ἀπόγνωσιν]
1281 2118 1533 2163 confidentiam
1559 2118 1628 2153 Lat
1741 2115 1798 2159 τὸ]
1825 2120 1879 2153 τῶ

221 2174 420 2209 PAMVRC
529 2171 727 2212 ἀπόκειται
749 2196 791 2200 -—
812 2178 829 2210 8
846 2173 1128 2221 χαλεπώτερον]
1155 2175 1213 2210 uel
1238 2176 1343 2210 etiam
1370 2175 1446 2210 sine
1471 2174 1536 2209 Ῐιοσ
1559 2174 1761 2218 interficere
1785 2184 1878 2218 quae

221 2230 365 2264 saeuior
381 2233 434 2264 est
449 2231 630 2277 cupiditas
646 2232 716 2266 Lat
732 2235 772 2266 ut
787 2241 884 2266 nunc
901 2233 955 2266 est
1025 2233 1042 2265 8
1062 2229 1200 2274 πάθος]
1221 2229 1265 2267 τὸ
1285 2229 1416 2268 πάθοσ
1434 2232 1462 2265 L
1534 2226 1648 2278 αὐτῷ]
1674 2226 1766 2267 αὐτὸ
1785 2230 1834 2264 A²

222 2283 280 2328 τὸ]
306 2289 360 2322 τῶ
383 2286 412 2321 Ρ
503 2284 676 2324 καθόλου
701 2287 738 2324 δὲ
762 2285 856 2332 μετὰ
880 2287 947 2322 VR
1041 2290 1081 2322 10
1106 2286 1290 2333 περισσὸν
1314 2288 1343 2322 L
1437 2286 1754 2334 φθαρησομένοις]
1781 2285 1879 2320 CLat

221 2343 541 2388 ([θαρησομένόυσ
566 2343 768 2379 PAMLVR
887 2347 922 2377 11
957 2339 1170 2388 ἀπέφαινον
1193 2344 1223 2377 L
1341 2347 1380 2379 12
1405 2341 1666 2380 κυκλώσεσθαι
1690 2342 1752 2377 ΡΑ
1778 2346 1812 2376 et
1836 2351 1879 2376 ex

221 2408 312 2433 corr.
338 2399 376 2432 M
468 2412 508 2435 τε
533 2410 600 2434 om.
630 2399 698 2433 ML
799 2402 843 2445 τῆ
868 2402 1027 2447 στρατιᾶ
1051 2410 1094 2434 ex
1120 2397 1186 2444 τὴν
1211 2396 1392 2445 στρατιὰν
1416 2410 1507 2435 corr.
1533 2400 1566 2432 A
1663 2395 1720 2435 διὰ
1746 2395 1791 2434 τὸ
1817 2397 1877 2442 με’·-

220 2458 341 2499 γεθοσ
359 2454 388 2487 L
461 2458 502 2490 14
526 2453 774 2498 ἐπινοεῖσθαι]
793 2457 1069 2502 eoecoqz'eaturos
1092 2456 1140 2498 (h.
1159 2466 1190 2491 e.
1215 2453 1496 2501 ἐπινοήσεσθαι)
1514 2455 1584 2490 Lat
1606 2455 1689 2490 fort.
1715 2457 1810 2489 recte

224 2514 263 2544 15
289 2507 350 2552 δι’]
381 2507 471 2547 κατ’
497 2511 527 2545 L
647 2514 685 2545 16
717 2509 1152 2558 παρεισκομισθήσοιντο
1185 2511 1212 2544 Ρ
1246 2509 1583 2558 παρεισκομισθήει
1615 2511 1647 2544 Α
1677 2523 1878 2556 παρεισκο-

221 2567 373 2611 μισθείη
398 2566 435 2599 Μ
460 2568 798 2613 παρεισκομισθείη
824 2566 867 2604 τὸ
887 2568 916 2602 L
935 2568 1271 2614 παρεισκομίζοιτο
1289 2567 1445 2602 Dindorf
1466 2578 1508 2602 ex
1534 2567 1611 2603 cod.
1637 2567 1678 2602 L.
1697 2567 1734 2601 B.
1806 2580 1878 2612 τρι-

222 2620 294 2666 βὴν
318 2619 484 2666 ἔσεσθαι]
509 2621 755 2669 τριβήσεσθαι
780 2623 857 2660 δέοι
880 2624 910 2658 L
936 2623 1070 2659 diutius
1093 2623 1337 2665 (obsidionem)
1362 2622 1574 2658 trahendam
1599 2623 1669 2658 Lat
1760 2623 1878 2658 πλείω

222 2676 423 2711 AMLVRC
513 2676 581 2723 τὴν
604 2681 831 2725 πολιορκίαν
855 2679 881 2714 C
1003 2684 1039 2714 17
1066 2692 1106 2715 τε
1129 2676 1191 2724 μὴ]
1216 2692 1259 2725 γε
1283 2676 1355 2724 μὴν
1378 2679 1408 2713 L
1523 2678 1601 2725 τὴν]
1626 2681 1689 2715 καὶ
1712 2678 1778 2723 τὴν
1803 2680 1878 2717 (καὶ

221 2732 243 2765 i.
268 2741 337 2766 ras.
358 2735 443 2766 2—3
461 2732 542 2776 litt.)
565 2735 597 2768 A
667 2731 780 2782 αὐτῷ]
807 2730 899 2771 αὐτὸ
925 2735 964 2778 Ρ,
990 2746 1057 2770 om.
1079 2734 1150 2769 Lat
1218 2732 1421 2771 ἐλαττώσει
1445 2735 1505 2770 LC
1589 2738 1628 2770 18
1653 2738 1767 2772 τοῦτο
1785 2734 1876 2769 PAO

222 2785 369 2824 τούτων
392 2787 423 2821 L
515 2786 625 2835 πρὸς]
650 2796 733 2824 ante
756 2791 826 2825 Lat
921 2794 960 2826 19
985 2804 1027 2837 γε
1052 2787 1135 2836 μὴν]
1161 2789 1230 2833 μέν
1253 2803 1295 2836 γε
1320 2790 1413 2825 VRC
1507 2794 1548 2826 20
1573 2789 1775 2837 βούλοιντο
1801 2791 1831 2825 L

222 2845 446 2890 περιτείχειν
471 2844 502 2878 R
578 2843 706 2888 μόνως
731 2856 798 2880 om.
823 2846 894 2880 Lat
975 2849 1013 2880 21
1043 2843 1092 2882 ἂν
1116 2839 1241 2881 οὕτωσ
1264 2848 1309 2880 tr.
1336 2846 1400 2881 LV
1480 2843 1776 2893 οἷποφράξασθαι
1801 2847 1831 2880 L

223 2903 264 2934 22
289 2893 477 2944 ἅπαντασ,
502 2913 529 2936 π
552 2901 574 2936 i.
601 2912 671 2936 ras.
698 2905 738 2936 ut
762 2901 833 2936 uid.
859 2901 889 2936 L
982 2899 1244 2946 λιμόττωντασ
1269 2902 1299 2935 Α

1914 882 1950 915 10

1912 1219 1947 1251 15

1912 1556 1948 1588 20
