2018 3236
253 149 332 186 564
669 145 735 179 DE
762 142 920 178 BELLO
945 142 1041 177 IUD.
1065 141 1116 176 VI
1141 143 1318 176 392-400
1343 142 1416 184 (v111
1443 144 1474 184 4)

252 259 436 338 ἡμέραις
475 258 636 313 ἑβδόμη
670 259 916 310 Γορπιαίου
955 253 1092 311 μηνὸς
1119 252 1322 308 Ῥωμαῖοι
1357 253 1435 307 μὲν
1466 254 1688 309 προσῆγον
1718 251 1797 303 τὰς
1827 271 1909 310 μη-

250 327 397 381 χανάς,
430 328 514 367 τῶν
547 325 593 366 6&
615 324 896 366 στασιαστῶν
929 322 971 363 οἶ
1001 321 1081 375 μὲν
1103 317 1404 376 ἀπεγνωκότες
1434 317 1515 376 ἤδη
1547 319 1624 375 τὴν
1647 319 1780 362 πόλιν
1811 315 1910 363 ἆνε-

252 394 420 448 χιύρουν
451 394 528 434 τοῦ
562 395 726 444 τείχους
757 390 820 440 εἷς
850 388 927 445 τὴν
960 386 1108 443 ἄκραν,
1142 389 1184 431 οἵ
1217 388 1262 430 6&
1285 386 1592 443 ἔγκατεδυοντο
1623 396 1716 437 τοῖς
1745 386 1909 430 ὑπονο-

145 466 224 506 393
254 473 376 515 μοις·
417 460 574 502 πολλοὶ
619 458 665 500 6&
697 456 955 505 διαστάντες
985 451 1199 511 ἠμύνοντο
1239 454 1340 504 τοῦς
1371 454 1676 510 προσάγοντας
1706 454 1786 504 τὰς
1816 454 1909 497 ἑλε-

254 524 420 577 πόλεις.
487 521 692 581 ἐκράτουν
725 525 770 567 6&
801 526 872 567 καὶ
903 523 1071 565 τούτων
1098 520 1305 576 (Ρωμαῖοι
1344 522 1513 577 πλήθει
1548 538 1596 564 τε
1625 523 1698 564 καὶ
1731 525 1811 579 βίᾳ
1841 523 1912 564 καὶ

144 599 223 640 394
254 594 301 637 τὸ
342 598 566 650 μέγιστον,
614 589 907 646 εὐθυμοῦντες
949 586 1136 644 ἀθύμων
1176 586 1257 646 ἤδη
1297 591 1367 631 καὶ
1407 592 1699 643 παρειμένων.
1768 587 1826 639 ὡς
1865 589 1912 631 δὲ

255 661 506 718 παρερράγη
539 663 670 715 μέρος
701 677 743 702 τι
769 661 845 701 τοῦ
878 663 1058 711 τείχους,
1090 661 1164 700 καί
1183 673 1298 707 τινες
1328 659 1415 699 τῶν
1437 659 1613 712 πυργων
1644 656 1913 711 τυπτόμενοι

254 738 345 778 τοῖς
375 737 513 809 κριοῖς
545 727 768 777 ἐνέδοσαν,
811 725 922 782 φυγὴ
956 725 1034 779 μὲν
1074 716 1123 782 ἧν
1156 721 1324 774 εὐθέως
1354 727 1440 766 τῶν
1472 721 1774 778 ἀμυνομένων,
1817 725 1914 774 δέος

145 800 225 840 395
259 797 304 838 δὲ
342 798 412 838 καὶ
453 805 547 845 τοῖς
585 795 814 849 τυράννοις
854 793 1070 848 ειιπίπτει
1108 791 1403 849 σφοδρότερον
1443 794 1518 847 τῆς
1551 788 1758 848 ἀνάγκης·
1809 793 1914 846 πρὶν

253 881 334 919 γαρ
385 861 627 928 ὗπερβῆναι
670 878 771 911 τους
818 862 1057 914 πολεμίοις
1106 859 1295 912 ενάρκων
1340 876 1387 901 τε
1426 861 1498 902 καὶ
1543 862 1757 913 μετέωροι
1802 857 1916 913 πρὸς

256 930 394 988 φυγὴν
418 929 540 988 ἦσαν,
573 929 624 985 ἢν
656 930 701 972 6&
725 929 835 972 ἰδεῖν
866 927 968 978 τοίς
999 928 1141 970 παλαι
1173 942 1223 969 σο
1227 931 1390 982 >αρους
1420 928 1493 969 καὶ
1517 935 1610 976 τοῖς
1642 922 1915 983 ἀσεβήμασιν

257 994 472 1049 ἀλαζόνας
502 998 601 1040 τότε
631 995 869 1046 ταπεινοὺς
900 998 969 1038 καὶ
1002 999 1261 1050 τρέμοντας,
1304 993 1361 1044 ὠς
1393 992 1581 1050 ελεεινὴν
1614 997 1726 1035 εἰναι
1756 997 1916 1048 καίπερ

147 1068 226 1109 396
258 1065 302 1108 ἓν
323 1065 645 1122 πονηροτάτοις
676 1064 754 1121 τὴν
776 1063 1034 1121 μεταβολήν.
1096 1058 1303 1118 ὥρμησαν
1324 1062 1403 1115 μὲν
1436 1052 1511 1103 οῦν
1543 1060 1618 1103 ἐπὶ
1650 1059 1698 1103 τὸ
1722 1065 1916 1114 περιτεί-

253 1149 391 1186 χισμα
423 1133 662 1189 δραμόντες
694 1129 907 1174 ὤσασθαί
935 1148 982 1173 τε
1003 1130 1104 1179 τοὺς
1131 1128 1348 1186 φρουροί-ς
1378 1131 1450 1171 καὶ
1474 1128 1769 1183 διακόψαντες
1801 1127 1916 1178 ἔξελ-

147 1203 226 1244 397
259 1204 380 1243 θεῖν·
422 1197 482 1249 (ὃς
521 1200 566 1242 6&
604 1200 706 1250 τοῦς
743 1200 821 1254 μὲν
859 1198 999 1241 πάλαι
1041 1195 1228 1246 πιστοὺς
1267 1196 1412 1252 ἑώρων
1455 1193 1669 1250 οὐδαμοῦ,
1712 1196 1918 1252 διέφυγον

257 1267 338 1323 γὰρ
371 1263 458 1324 ὅπῃ
491 1270 577 1310 τινὶ
611 1267 916 1321 συνεβούλευεν
947 1263 972 1323 ἡ
1006 1262 1183 1322 ἀνάγκη,
1222 1267 1524 1318 προσθέοντες
1556 1264 1602 1306 6&
1635 1264 1677 1306 οἱ
1706 1263 1785 1317 μὲν
1816 1258 1917 1305 ὅλον

260 1331 594 1392 ἀνατετράφθαι
636 1334 684 1377 τὸ
719 1333 833 1388 πρὸς
866 1333 989 1375 δύσιν
1020 1342 1162 1384 τεῖχος
1192 1328 1416 1389 ἤγγελλον,
1459 1331 1499 1373 οἱ
1533 1327 1573 1372 6'
1610 1330 1917 1386 ἐμβεβληκέναι

149 1405 228 1446 398
259 1402 360 1453 τους
388 1400 624 1456 Ῥωμαίους
654 1400 734 1459 ’ἤδη
774 1418 821 1443 τε
854 1403 1043 1457 πλησίον
1079 1397 1191 1442 εἶναι
1224 1398 1456 1455 ζητοῦντας
1489 1394 1666 1449 αὐτούς,
1701 1397 1842 1450 ἕτεροι
1873 1397 1919 1439 6&

259 1472 332 1513 καὶ
355 1466 529 1527 άφορᾶν
553 1468 640 1513 άπὸ
664 1472 751 1512 τῶν
776 1469 952 1524 πύργων
975 1469 1214 1521 πολεμίους
1245 1466 1390 1521 ἔλεγον
1413 1465 1656 1516 πλάζοντος
1686 1464 1766 1514 τὰς
1787 1461 1920 1519 ὄψεις

259 1540 336 1579 τοῦ
369 1539 512 1589 δέους,
554 1537 626 1579 ἐπὶ
661 1533 802 1590 στόμα
843 1535 1055 1585 πεσόντες
1096 1531 1331 1590 ἀνιιόμωζον
1371 1532 1447 1590 τὴν
1479 1532 1644 1575 ἑαυτῶν
1676 1531 1922 1589 φρενοβλά-

259 1608 384 1658 βειαν
423 1607 493 1647 καὶ
526 1604 735 1659 καθάπερ
778 1601 1125 1657 ὑποκεκομμένοι
1164 1600 1218 1643 τὰ
1251 1603 1380 1656 νεῦρα
1419 1602 1496 1656 τῆς
1536 1602 1674 1656 φυγῆς
1708 1596 1919 1656 ἠπόρουν.

151 1673 231 1714 399
264 1671 376 1714 ἔνθα
408 1671 457 1728 δη
490 1668 670 1726 μάλιστ)
716 1668 767 1713 ἄν
799 1687 866 1720 τις
896 1668 1154 1722 καταμάθοι
1194 1668 1270 1726 τήν
1301 1685 1348 1710 τε
1379 1670 1456 1709 τοῦ
1487 1669 1598 1709 θεοῦ
1629 1667 1812 1721 δύναμιν
1844 1666 1918 1709 ἐπὶ

261 1747 354 1788 τοῖς
397 1735 595 1788 άνοσίοις
632 1740 704 1781 καὶ
745 1737 822 1793 τὴν
859 1735 1084 1790 Ῥωμαίων
1122 1736 1272 1792 τύχην·
1315 1736 1357 1777 οἱ
1396 1735 1478 1788 μέν
1515 1751 1563 1789 γε
1600 1734 1805 1790 τύραννοι
1844 1736 1920 1789 τῆς

264 1801 513 1862 ἀσφαλείας
549 1805 800 1861 ἐγύμνωσαν
833 1801 992 1854 αὖτοὺς
1030 1799 1109 1845 κάκ
1139 1805 1225 1844 τῶν
1257 1801 1433 1856 πύργων
1464 1804 1708 1857 κατέβησαν
1739 1800 1921 1850 ἑκόντες,

150 1874 232 1914 400
265 1868 338 1929 ἐφ’
365 1868 424 1914 ὦν
445 1877 522 1929 βία
543 1873 620 1927 μὲν
644 1867 861 1915 οῦδέποθ)
890 1868 1068 1922 ἁλῶναι,
1099 1870 1220 1926 μόνῳ
1245 1865 1283 1911 6³
1312 1868 1516 1911 ἐδύναντο
1541 1869 1666 1923 λιμῷ.
1713 1865 1923 1922 Ῥωμαῖοι

374 2006 542 2041 AMVRC
552 2006 853 2049 LatHegesippus
877 2004 910 2039 V
927 2008 968 2038 49
994 2015 1026 2048 p.
1047 2006 1123 2037 373.
1160 2003 1318 2037 Zonaras
1336 2001 1352 2034 Ι
1375 2012 1409 2045 p.
1431 2004 1506 2035 548.

378 2066 391 2096 1
415 2063 582 2106 Gorpiaei
601 2066 630 2096 7.
651 2063 724 2097 dies
743 2064 797 2096 est
816 2065 869 2096 25.
889 2060 1108 2104 Septembris
1126 2057 1396 2099 ‹V11ka1.0et.>
1412 2057 1496 2091 anni
1512 2057 1639 2091 Iuliani
1657 2060 1710 2096 (70
1728 2067 1762 2100 p.
1779 2056 1876 2097 Chr.)

263 2121 281 2151 3
307 2112 342 2153 δ’
368 2118 472 2153 CZon
578 2116 849 2154 ἐνκατεδύοντο
875 2117 906 2149 Α
1016 2119 1033 2149 7
1061 2111 1295 2161 παρερράγη]
1328 2112 1541 2147 Herwerden
1566 2125 1795 2158 περιερραγη
1819 2112 1920 2146 codd.

261 2174 337 2208 Zon
428 2174 549 2219 μέροσ
574 2188 608 2210 τι
633 2185 699 2209 om.
727 2174 753 2209 C
847 2186 881 2208 τι
907 2182 973 2206 om.
1000 2171 1074 2205 Zon
1169 2174 1186 2204 8
1220 2171 1265 2216 ἠν
1289 2179 1332 2204 ex
1364 2182 1428 2204 νυ·
1457 2179 1547 2203 corr.
1574 2168 1605 2201 A
1701 2171 1737 2202 11
1766 2165 1798 2203 δ’
1827 2168 1853 2202 C

265 2276 306 2308 12
331 2276 470 2320 καίπερ
495 2272 825 2321 ἐμπονηροτάτοισ
850 2272 883 2306 R
976 2275 1017 2307 14
1041 2269 1245 2315 δαμόντεσ,
1270 2268 1345 2315 μόν
1368 2270 1391 2303 i.
1417 2279 1487 2304 ras.
1514 2271 1545 2302 A
1636 2281 1677 2305 τε
1701 2278 1769 2303 om.
1795 2268 1856 2301 AC

266 2333 306 2365 16
332 2328 624 2377 συνεβούλευσεν
647 2331 701 2366 ed.
727 2341 780 2374 pr.
884 2327 1125 2375 προθέοντεσ
1150 2327 1176 2360 C
1281 2326 1330 2370 δὲ]
1363 2325 1400 2362 d&
1428 2327 1491 2360 καὶ
1514 2325 1547 2359 R
1641 2328 1678 2358 17
1707 2324 1743 2360 οὶ
1767 2319 1804 2359 δ’
1821 2344 1865 2349 -
1886 2326 1925 2358 18

265 2382 412 2428 αὐτούς]
437 2388 503 2421 aliz·
523 2387 659 2422 subisse
683 2395 854 2421 romanos
879 2396 921 2419 ac
946 2385 1016 2418 iam
1043 2383 1294 2428 propinquare
1318 2393 1355 2416 se
1380 2387 1593 2426 quaerentes
1616 2380 1686 2415 Lat
1821 2378 1927 2426 ἤγγε-

264 2445 332 2477 λον
358 2442 389 2476 R
489 2443 528 2479 δὲ
551 2443 618 2477 VR
734 2444 773 2476 18
799 2439 864 2486 ἤδη
890 2443 942 2481 τε]
967 2439 1143 2474 Destinon
1168 2447 1209 2472 ex
1233 2438 1304 2472 Lat
1329 2437 1365 2474 οὶ
1389 2433 1425 2473 δ’
1451 2437 1502 2479 (δὲ
1526 2436 1644 2479 MVR)
1668 2434 1733 2482 ἤδη
1757 2449 1798 2472 τε
1823 2435 1925 2471 codd.

267 2497 305 2533 οἱ
329 2494 363 2533 δ’
388 2497 453 2543 ἤδη
478 2498 621 2533 Bekker
734 2498 904 2543 πλησίον]
930 2496 1090 2541 πλησίον
1114 2489 1210 2540 ἦσαν
1232 2489 1341 2540 (ἦσαν
1367 2493 1534 2535 deletum)
1559 2493 1585 2526 C
1699 2489 1805 2533 εἶναι]
1832 2489 1926 2527 εἶναι

265 2556 343 2588 τῶν
367 2551 521 2600 πύργων
545 2554 755 2597 πολεμίουσ
786 2555 878 2592 (τῶν
902 2549 1057 2598 πύργων
1086 2551 1295 2594 πολεμίουσ
1319 2549 1483 2591 deletum)
1509 2549 1535 2583 C
1672 2549 1710 2585 δὲ
1733 2550 1806 2589 καὶ]
1833 2547 1870 2584 6&
1894 2548 1927 2583 R

266 2606 301 2643 δ’
328 2608 354 2642 C
461 2612 500 2643 19
526 2605 617 2650 ἀπὸ]
643 2609 858 2643 Herwerden
881 2606 942 2643 ἐπὶ
967 2607 1067 2642 codd.
1094 2607 1130 2641 in
1156 2606 1224 2640 Lat
1248 2605 1291 2639 de
1315 2605 1392 2648 Heg
1495 2607 1583 2646 τῶν]
1610 2603 1678 2641 τὸν
1701 2605 1733 2637 Α
1836 2601 1926 2650 πύρ-

266 2677 362 2710 γων,
395 2679 424 2700 ω
449 2675 493 2699 ex
519 2678 538 2701 ο
566 2674 655 2699 corr.
682 2667 714 2697 A
852 2667 893 2698 20
927 2661 1124 2707 στόματοσ
1148 2661 1179 2696 V
1316 2657 1535 2705 άνοίμωζον
1557 2660 1657 2695 AVR
1683 2655 1876 2704 ὀνόμαζον
1901 2659 1927 2693 C

267 2716 477 2768 ἀνῴμωξαν
500 2721 576 2754 Zon
669 2722 708 2754 21
734 2716 1049 2763 ὑποκεκομμένοι,
1073 2714 1093 2754 ὓ
1110 2728 1154 2752 ex
1173 2727 1262 2751 corr.
1282 2716 1320 2750 M
1412 2719 1476 2761 τῆς
1501 2719 1620 2762 ψυχῆς
1644 2716 1858 2750 Herwerdeu

267 2777 308 2810 23
333 2776 402 2820 μέν
425 2779 480 2821 γε]
505 2775 574 2819 μὲν
598 2772 671 2820 γὰρ
696 2775 830 2809 MVRC
856 2775 995 2819 quidem
1020 2775 1092 2808 Lat
1184 2775 1226 2806 24
1251 2769 1410 2807 ἓαυτοὺσ
1435 2772 1529 2806 VRC
1620 2773 1682 2807 καὶ
1706 2769 1749 2807 ἐκ
1771 2771 1838 2806 VR

266 2834 307 2866 25
333 2829 412 2877 ἐφ’]
439 2826 505 2877 ὑφ’
531 2831 601 2864 AM
627 2826 699 2875 ἀφ’
724 2831 798 2866 Zon
916 2824 1105 2865 οὐδέπω9’
1133 2829 1164 2862 A
1198 2822 1377 2863 οὐδέποτε
1408 2827 1549 2861 VRZou
1663 2824 1786 2871 μόνον
1811 2826 1837 2861 Ο

267 2887 306 2923 δὲ
330 2887 436 2923 MVR

1946 865 1982 897 10

1950 1202 1985 1234 15
