2018 3236
250 183 329 220 260
615 176 680 209 DE
706 149 866 208 BELLO
891 170 988 206 IUD.
1012 169 1045 202 Π
1071 169 1246 203 583-588
1271 169 1332 208 (xx
1358 170 1385 196 s.
1410 167 1469 194 m
1498 166 1526 200 η

137 300 216 339 583
360 295 397 334 8.
430 288 583 332 Πολλὰ
615 288 797 329 τοιαῦτα
828 284 1057 337 παραινῶν
1089 279 1285 322 διετέλει.
1335 277 1408 319 καὶ
1437 274 1484 318 τὸ
1518 274 1595 328 μὲν
1628 273 1802 326 (ε’τοιμον
1835 272 1895 322 εἷς

247 357 491 413 παράταξιν
531 351 647 409 αὐτῷ
679 349 1009 405 συνεκεκρότητο
1042 346 1183 398 πεζῶν
1214 346 1292 399 μὲν
1324 343 1370 394 ἓξ
1397 341 1624 397 μυριάδες,
1667 340 1821 389 ἱππεῖς
1851 339 1897 382 δὲ

248 425 514 480 πεντήκοντα
536 423 606 464 καὶ
629 415 887 476 τριακόσιοι,
916 417 1049 471 χωρὶς
1072 414 1117 456 δὲ
1139 412 1303 455 τούτων
1337 410 1401 461 οἷς
1433 410 1675 452 ἐπεποίθει
1704 406 1897 461 μάλιστα

248 490 527 548 μισθοφόροι
564 490 663 542 περὶ
695 485 1061 540 τετρακισχιλίους
1091 482 1163 523 καὶ
1194 481 1527 527 πεντακοσίους·
1569 475 1821 523 ἐπιλέκτους
1852 473 1898 515 δὲ

138 566 217 605 584
250 561 353 612 περὶ
393 556 526 600 αὑτὸν
566 553 675 608 εἶχεν
715 553 966 603 ἑξακοσίους
1007 548 1203 606 φύλακας
1241 548 1317 588 τοῦ
1358 544 1573 598 σώματος.
1633 541 1815 599 ἔτρεφον
1855 540 1900 582 δὲ
1929 549 1948 580 5

252 626 363 682 πλην
384 627 470 668 τῶν
495 620 790 678 μισθοφόρων
820 618 897 676 τὴν
929 615 1062 673 ἄλλην
1097 613 1306 670 στρατιὰν
1337 613 1384 654 αἱ
1415 610 1569 660 πόλεις
1600 609 1784 667 ῥᾳδίως·
1815 609 1901 650 τῶν

249 694 329 751 γὰρ
367 692 688 746 καταλεγέντων
729 687 885 743 ἑκάστη
925 683 1027 735 τοὺς
1065 680 1237 740 ἡμίσεις
1277 680 1352 723 ἐπὶ
1391 678 1469 734 τὴν
1500 675 1710 733 στρατιὰν
1742 674 1902 729 ἐκπέμ-

253 775 400 804 πουσα
420 758 521 808 τοὺς
544 756 728 806 λοιποὺς
750 754 824 797 ἐπὶ
848 749 1158 807 συμπορισμὸν
1181 745 1330 798 αὐτοῖς
1349 749 1436 789 τῶν
1469 744 1729 802 ἐπιτηδείων
1759 751 1904 784 κατεῖ-

249 846 344 882 χον,
388 824 446 876 ῶς
475 825 577 875 τοὺς
607 825 684 879 μὲν
716 822 778 873 εἷς
812 818 952 872 ὅπλα,
991 817 1093 868 τοὺς
1125 817 1169 859 δὲ
1202 816 1263 866 εἷς
1295 814 1499 870 ἐργασίαν
1531 813 1792 868 διῃρῆσθαι,
1833 811 1905 852 καὶ

253 905 346 945 τοῖς
382 893 437 935 τὰ
476 901 575 935 σῖτα
615 895 867 945 πέμπουσιν
908 885 1294 942 ἀντιχορηγεῖσθαι
1333 880 1455 936 παρὰ
1485 882 1572 922 τῶν
1603 876 1797 921 ὁπλιτῶν
1828 875 1904 932 τὴν
1936 884 1972 916 10

255 959 518 1018 ἀσφάλειαν.

145 1034 224 1074 585
366 1029 484 1072 XXI.
527 1032 562 1070 1.
592 1026 847 1068 Διοικοῦντι
877 1018 917 1064 δ’
955 1016 1093 1070 οὕτως
1123 1020 1184 1074 τῷ
1211 1013 1410 1073 Ἰωσήπῳ
1441 1014 1496 1057 τὰ
1525 1011 1634 1056 κατὰ
1666 1011 1744 1069 τὴν
1776 1011 1909 1053 Γαλι-

261 1100 387 1140 λαίαν
410 1083 738 1150 παρανίσταταί
758 1107 825 1141 τις
846 1089 1081 1143 ἐπίβουλος
1105 1081 1211 1142 ἀνὴρ
1245 1081 1333 1126 ἀπὸ
1359 1082 1599 1135 Γισχάλων,
1630 1079 1725 1129 υἱὸς
1746 1080 1908 1134 Ληΐου,

254 1162 455 1220 Ἰωάννης
485 1159 637 1214 ὄνομα,
674 1157 1030 1215 πανουργότατος
1059 1155 1136 1209 μὲν
1166 1155 1239 1195 καὶ
1271 1150 1537 1199 δολιώτατος
1566 1151 1652 1190 τῶν
1684 1145 1910 1201 ἐπισήμων

260 1232 302 1274 ἐν
341 1230 488 1273 τοῖσδε
526 1237 619 1278 τοῖς
658 1225 985 1283 πονηρεύμασιν
1026 1219 1256 1271 ἁπάντων,
1297 1219 1431 1275 πένης
1472 1217 1518 1259 δὲ
1555 1215 1611 1258 τὰ
1650 1216 1806 1270 πρῶτα
1841 1214 1912 1255 καὶ

150 1302 229 1342 586
261 1302 385 1353 μέχρι
426 1297 593 1339 πολλοῦ
631 1291 808 1347 κώλυμα
840 1291 953 1345 σχῶν
982 1293 1056 1345 τῆς
1086 1293 1239 1338 κακίας
1269 1286 1346 1343 τὴν
1379 1281 1592 1340 ἀπορίαν,
1634 1282 1807 1335 ἕτοιμος
1837 1279 1915 1334 μὲν

262 1366 542 1421 ψεύσασθαι,
583 1361 725 1412 δεινὸς
765 1361 805 1402 δ)
843 1359 1074 1402 ἐπιθεῖναι
1104 1360 1256 1398 πίστιν
1287 1362 1380 1402 τοῖς
1411 1351 1718 1407 ἐψευσμένοις,
1761 1343 1916 1404 ἀρετὴν

264 1431 499 1488 ἡγούμενος
536 1430 614 1487 τὴν
655 1425 828 1485 ἀπάτην
866 1428 936 1468 καὶ
977 1424 1110 1480 ταύτῃ
1149 1421 1259 1464 κατὰ
1299 1422 1385 1463 τῶν
1425 1417 1649 1475 φιλτάτιον
1684 1415 1916 1471 χρώμενος,

154 1504 234 1544 587
267 1498 509 1555 ὑποκριτὴς
531 1498 880 1554 φιλανθρωπίας
909 1494 980 1535 καὶ
1014 1487 1073 1534 δι’
1111 1489 1270 1533 ἐλπίδα
1300 1487 1477 1543 κέρδους
1507 1484 1817 1542 φονικώτατος,
1849 1477 1919 1524 ἀεὶ

266 1567 343 1621 μὲν
367 1565 649 1627 ἐπιθυμήσας
670 1562 883 1618 μεγάλων,
913 1563 1086 1616 τρέφων
1109 1558 1153 1600 δὲ
1184 1556 1263 1606 τὰς
1295 1554 1479 1603 ἐλπίδας
1510 1551 1554 1594 ἐκ
1583 1554 1669 1594 τῶν
1699 1551 1920 1593 ταπεινῶν
1952 1553 1989 1586 20

267 1632 650 1688 κακουργημάτων·
692 1627 851 1685 λῃστὴς
888 1626 969 1683 γὰρ
1007 1617 1059 1681 ἦν
1091 1624 1385 1679 μονότροπος,
1426 1620 1582 1663 ἔπειτα
1611 1620 1683 1661 καὶ
1715 1616 1920 1660 συνοδίαν

270 1697 390 1755 εὗρεν
411 1701 488 1755 τῆς
509 1698 670 1754 τόλμης
691 1695 739 1739 τὸ
763 1696 841 1750 μὲν
862 1696 1038 1749 πρῶτον
1062 1688 1223 1747 ὀλίγην,
1256 1688 1523 1743 προκόπτων
1545 1682 1586 1728 δ’
1623 1682 1692 1728 ἀεὶ
1722 1685 1920 1726 πλείονα.

158 1771 238 1812 588
273 1768 454 1824 φροντὶς
493 1760 533 1806 δ’
577 1755 628 1821 ἦν
667 1759 785 1817 αὐτῷ
814 1762 978 1818 μηδένα
1010 1757 1367 1814 προσλαμβάνειν
1399 1752 1638 1805 εὐάλωτον,
1681 1748 1790 1794 ἄλλα
1822 1748 1923 1798 τοὺς

273 1831 416 1890 εὗεξίᾳ
463 1831 665 1885 σώματος
711 1831 783 1872 καὶ
828 1830 970 1882 ψυχῆς
1010 1824 1325 1880 παραστήματι
1362 1823 1433 1863 καὶ
1472 1821 1678 1873 πολέμων
1716 1818 1924 1872 ἐμπειρίᾳ

275 1902 564 1957 διαφέροντας
587 1897 815 1953 ἐξελέγετο,
847 1899 970 1949 μέχρι
991 1895 1064 1935 καὶ
1093 1893 1384 1944 τετρακοσίων
1417 1885 1583 1942 ἀνδρῶν
1615 1895 1772 1942 στῖφος
1804 1900 1925 1926 συνε-
1955 1890 1992 1922 25

277 1967 505 2024 κρότησεν,
552 1968 594 2008 οἳ
637 1963 685 2007 τὸ
733 1963 868 2024 πλέον
914 1960 958 2003 έκ
995 1962 1071 2016 τῆς
1114 1961 1283 2012 Τυρίων
1317 1955 1461 2011 χώρας
1496 1957 1567 1997 καὶ
1606 1956 1693 1996 τῶν
1733 1951 1776 1994 ἓν
1816 1947 1926 2004 αὐτῇ

1945 1206 1981 1239 15

389 2087 912 2131 PAMLVRCLatHegesippus
935 2085 989 2119 III
1014 2087 1032 2119 3
1058 2095 1093 2128 p.
1123 2087 1196 2118 175.
1237 2082 1288 2116 IV
1313 2085 1332 2115 4
1357 2091 1392 2125 p.
1419 2083 1495 2114 227.

320 2188 322 2190 ,
375 2152 403 2182 -1
431 2149 494 2183 καὶ
520 2146 636 2191 suppl.
661 2145 689 2179 P
760 2146 778 2177 2
804 2147 1067 2186 συνεκροτεῖτο
1093 2139 1123 2172 L
1149 2134 1426 2184 συγκεκρότητο
1442 2135 1575 2170 MVRC
1646 2136 1664 2167 3
1691 2131 1923 2179 πεντήκοντα

280 2208 342 2241 καὶ
366 2202 591 2251 τριακόσιοι]
617 2198 799 2238 διακόσιοι
827 2201 890 2235 καὶ
916 2194 1150 2241 πεντήκοντα
1174 2194 1347 2228 VRCLat
1484 2196 1505 2226 4
1528 2186 1788 2235 μισθοφόροισ
1812 2187 1924 2222 PAL2

281 2257 550 2307 μισθοφόρουσ
576 2258 618 2293 0²
708 2258 771 2292 καὶ
796 2254 1069 2294 πεντακοσίους
1093 2261 1160 2286 om.
1178 2250 1255 2293 Heg
1348 2253 1366 2283 5
1391 2244 1596 2291 περιαυτὸν
1612 2246 1674 2281 PV
1698 2246 1783 2290 περὶ
1808 2238 1925 2279 αὐτὸν

279 2316 479 2352 AMLVRC
549 2317 617 2350 τοῦ
637 2313 754 2358 suppl.
772 2312 800 2345 P
871 2314 890 2344 6
908 2312 984 2346 τῶν
1000 2329 1042 2333 —
1061 2311 1078 2341 7
1098 2305 1246 2351 ἑκάστη]
1263 2315 1417 2349 namque
1440 2303 1604 2347 sinqulae
1628 2311 1719 2347 quas
1742 2309 1925 2335 enumera-

279 2374 396 2407 uz'mus
408 2372 478 2405 Lat
548 2374 564 2404 7
592 2370 795 2417 στρατείαν
808 2366 982 2402 Destinon
1039 2360 1368 2406 ε’κπεμπούσασΙι1
1440 2354 1611 2395 δαῦτοὺσ
1624 2358 1687 2392 PA
1755 2360 1927 2400 κατεῖχεν

282 2439 447 2474 MLVRG
517 2440 536 2471 9
554 2436 616 2479 ὡς]
631 2430 729 2472 ὥστε
745 2433 873 2470 LVRC
941 2433 1147 2478 διηρεῑσθαι
1164 2428 1224 2462 PA
1296 2430 1335 2461 12
1356 2427 1379 2460 i.
1397 2437 1505 2469 marg.
1521 2418 1637 2472 &vc
1713 2422 1859 2460 sevssc

283 2490 381 2532 οὕτω
412 2487 470 2535 (σῧ
495 2504 523 2528 S.
550 2492 590 2533 C)
615 2491 741 2526 LVRC
833 2487 880 2525 τὰ
909 2499 976 2523 om.
1003 2486 1095 2520 PAL
1191 2487 1230 2518 13
1256 2483 1364 2529 ληουῒ
1384 2482 1489 2517 MVR
1512 2481 1635 2517 λευίου
1660 2480 1686 2514 G
1712 2480 1798 2514 [θείη
1824 2479 1928 2521 (gen.)

282 2553 351 2586 Lat
383 2552 471 2585 leuis
494 2549 572 2592 Heg
687 2551 727 2581 14
760 2541 1084 2590 πανουργώτατοσ
1108 2541 1170 2575 PA
1282 2542 1413 2575 τών-
1430 2542 1468 2572 15
1494 2535 1685 2577 ἁπάντων]
1711 2540 1745 2570 et
1768 2533 1928 2579 nequitia

285 2607 425 2653 quidem
451 2604 690 2640 nobilissimus
714 2603 869 2637 omnium
885 2601 956 2635 Lat
1064 2601 1103 2632 15
1127 2596 1168 2632 ἐν
1191 2598 1316 2632 τοῖσδε
1341 2597 1432 2636 τοῖς]
1456 2592 1497 2629 ἐν
1521 2593 1558 2629 δὲ
1582 2599 1667 2628 τοῖσ
1690 2590 1823 2625 MVRC

288 2667 327 2698 16
353 2660 466 2708 σχὼν]
492 2657 588 2706 ἔχων
604 2658 738 2694 MVRG
834 2660 871 2692 17
899 2653 1103 2720 ψεύδεσθαι
1119 2651 1214 2687 VRO
1306 2651 1343 2686 δὲ
1366 2649 1493 2684 LVRC
1587 2651 1626 2683 18
1652 2644 1784 2692 ταύτῃ·
1813 2646 1838 2679 C

289 2756 329 2786 19
354 2744 626 2798 φοινικότατοσ
642 2747 689 2781 V¹
782 2749 821 2781 21
843 2726 1064 2789 -ἶίῧτροποσ
1081 2743 1107 2778 C
1199 2743 1240 2775 22
1265 2742 1419 2788 πρῶτον
1435 2738 1466 2772 V
1557 2733 1801 2781 προκόπτων,
1825 2745 1930 2769 πτων

287 2819 331 2843 ex
355 2818 443 2842 corr.
468 2817 514 2840 m.
541 2807 560 2838 2
584 2804 616 2838 V
719 2803 756 2838 δὲ
771 2801 875 2853 ΝΒΟ
978 2800 1048 2836 αἰεὶ
1071 2799 1102 2833 L
1205 2797 1374 2835 πλείονα]
1400 2793 1457 2829 εἰσ
1481 2791 1635 2828 πλείονα
1662 2790 1723 2825 ΡΑ
1826 2791 1867 2823 23
1892 2788 1930 2824 δὲ

288 2862 382 2899 VRC
500 2857 593 2896 τοὺσ
612 2877 643 2885 ··
673 2859 699 2893 G
836 2860 878 2891 24
908 2852 1260 2902 παραστήματιματι
1286 2851 1328 2885 C¹
1442 2852 1483 2883 25
1510 2850 1584 2889 καὶ]
1610 2849 1702 2893 γοῦν
1726 2844 1818 2881 VRC

290 2922 332 2953 26
356 2918 480 2955 πλέων
496 2916 522 2950 P
610 2907 915 2961 ..τύρωνἙΑΜΟ
940 2910 1077 2956 Σύρων
1100 2909 1195 2944 infra
1219 2909 1239 2951 §
1264 2910 1328 2942 625
