<?xml version="1.0" encoding="UTF-8"?>
<!DOCTYPE html PUBLIC "-//W3C//DTD XHTML 1.0 Transitional//EN"
    "http://www.w3.org/TR/xhtml1/DTD/xhtml1-transitional.dtd">
<html xmlns="http://www.w3.org/1999/xhtml" xml:lang="en" lang="en">
 <head>
  <title>
</title>
<meta http-equiv="Content-Type" content="text/html;charset=utf-8" />
  <meta name='ocr-system' content='tesseract 3.04.00' />
  <meta name='ocr-capabilities' content='ocr_page ocr_carea ocr_par ocr_line ocrx_word'/>
</head>
<body>
  <div class='ocr_page' id='page_1' title='image "./operajosephus06joseuoft_0383.png"; bbox 0 0 2039 3251; ppageno 0'>
   <div class='ocr_carea' id='block_1_1' title="bbox 54 856 89 887">
    <p class='ocr_par' dir='ltr' id='par_1_1' title="bbox 54 856 89 887">
     <span class='ocr_line' id='line_1_1' title="bbox 54 856 89 887; baseline 0 0"><span class='ocrx_word' id='word_1_1' title='bbox 54 856 89 887; x_wconf 87' lang='lat'><strong><em>10</em></strong></span> 
     </span>
    </p>
   </div>
   <div class='ocr_carea' id='block_1_2' title="bbox 50 1193 85 1224">
    <p class='ocr_par' dir='ltr' id='par_1_2' title="bbox 50 1193 85 1224">
     <span class='ocr_line' id='line_1_2' title="bbox 50 1193 85 1224; baseline 0 0"><span class='ocrx_word' id='word_1_2' title='bbox 50 1193 85 1224; x_wconf 82' lang='lat'><strong><em>15</em></strong></span> 
     </span>
    </p>
   </div>
   <div class='ocr_carea' id='block_1_3' title="bbox 45 1534 82 1567">
    <p class='ocr_par' dir='ltr' id='par_1_3' title="bbox 45 1534 82 1567">
     <span class='ocr_line' id='line_1_3' title="bbox 45 1534 82 1567; baseline 0.027 -1"><span class='ocrx_word' id='word_1_3' title='bbox 45 1534 82 1567; x_wconf 78' lang='lat'><strong><em>20</em></strong></span> 
     </span>
    </p>
   </div>
   <div class='ocr_carea' id='block_1_4' title="bbox 502 123 1783 168">
    <p class='ocr_par' dir='ltr' id='par_1_4' title="bbox 502 123 1783 168">
     <span class='ocr_line' id='line_1_4' title="bbox 502 123 1783 168; baseline 0.001 -10"><span class='ocrx_word' id='word_1_4' title='bbox 502 123 568 158; x_wconf 87' lang='lat' dir='ltr'><strong><em>DE</em></strong></span> <span class='ocrx_word' id='word_1_5' title='bbox 594 123 753 159; x_wconf 90' lang='lat' dir='ltr'>BELLO</span> <span class='ocrx_word' id='word_1_6' title='bbox 778 124 874 160; x_wconf 90' lang='lat' dir='ltr'><strong>IUD.</strong></span> <span class='ocrx_word' id='word_1_7' title='bbox 900 123 952 158; x_wconf 95' lang='lat' dir='ltr'><strong><em>III</em></strong></span> <span class='ocrx_word' id='word_1_8' title='bbox 979 127 1156 159; x_wconf 79' lang='lat'>211—219</span> <span class='ocrx_word' id='word_1_9' title='bbox 1181 126 1241 167; x_wconf 74' lang='lat' dir='ltr'><strong><em>(VH</em></strong></span> <span class='ocrx_word' id='word_1_10' title='bbox 1270 128 1318 155; x_wconf 84' lang='lat'><strong><em>18·</em></strong></span> <span class='ocrx_word' id='word_1_11' title='bbox 1347 126 1399 168; x_wconf 84' lang='grc'><strong>19)</strong></span> <span class='ocrx_word' id='word_1_12' title='bbox 1703 124 1783 160; x_wconf 68' lang='grc' dir='ltr'><strong><em>3οὔι</em></strong></span> 
     </span>
    </p>
   </div>
   <div class='ocr_carea' id='block_1_5' title="bbox 112 231 1782 1646">
    <p class='ocr_par' dir='ltr' id='par_1_5' title="bbox 123 231 1782 630">
     <span class='ocr_line' id='line_1_5' title="bbox 124 231 1781 294; baseline -0.001 -14"><span class='ocrx_word' id='word_1_13' title='bbox 124 242 287 293; x_wconf 75' lang='grc' dir='ltr'><strong><em>Συρίας</em></strong></span> <span class='ocrx_word' id='word_1_14' title='bbox 311 238 636 294; x_wconf 68' lang='grc' dir='ltr'><strong><em>σφενδονήταις</em></strong></span> <span class='ocrx_word' id='word_1_15' title='bbox 659 237 731 279; x_wconf 86' lang='grc' dir='ltr'><strong><em>καὶ</em></strong></span> <span class='ocrx_word' id='word_1_16' title='bbox 754 236 1014 291; x_wconf 72' lang='grc' dir='ltr'><strong><em>λιθοβόλοις</em></strong></span> <span class='ocrx_word' id='word_1_17' title='bbox 1035 236 1089 277; x_wconf 83' lang='grc' dir='ltr'><strong><em>τὰ</em></strong></span> <span class='ocrx_word' id='word_1_18' title='bbox 1121 237 1262 279; x_wconf 73' lang='grc' dir='ltr'><strong><em>πολλὰ</em></strong></span> <span class='ocrx_word' id='word_1_19' title='bbox 1294 236 1394 287; x_wconf 71' lang='grc' dir='ltr'><strong><em>τοτ’-ς</em></strong></span> <span class='ocrx_word' id='word_1_20' title='bbox 1412 231 1650 286; x_wconf 81' lang='grc' dir='ltr'><em>Ἰουδαίους</em></span> <span class='ocrx_word' id='word_1_21' title='bbox 1682 233 1781 278; x_wconf 83' lang='grc' dir='ltr'><strong><em>άνέ-</em></strong></span> 
     </span>
     <span class='ocr_line' id='line_1_6' title="bbox 126 301 1782 362; baseline -0.002 -14"><span class='ocrx_word' id='word_1_22' title='bbox 126 307 325 348; x_wconf 85' lang='grc' dir='ltr'><strong><em>στελλεν·</em></strong></span> <span class='ocrx_word' id='word_1_23' title='bbox 369 305 523 362; x_wconf 68' lang='grc' dir='ltr'><strong><em>ήρέμει</em></strong></span> <span class='ocrx_word' id='word_1_24' title='bbox 563 307 609 348; x_wconf 79' lang='grc' dir='ltr'><strong><em>δὲ.</em></strong></span> <span class='ocrx_word' id='word_1_25' title='bbox 643 305 745 348; x_wconf 66' lang='grc' dir='ltr'><strong><em>οὔδε</em></strong></span> <span class='ocrx_word' id='word_1_26' title='bbox 777 310 862 346; x_wconf 72' lang='grc' dir='ltr'><strong><em>τῶν</em></strong></span> <span class='ocrx_word' id='word_1_27' title='bbox 896 301 1151 360; x_wconf 69' lang='grc' dir='ltr'><strong><em>ἀφετηρίων</em></strong></span> <span class='ocrx_word' id='word_1_28' title='bbox 1186 303 1381 359; x_wconf 71' lang='grc' dir='ltr'><strong><em>ὀργάνων</em></strong></span> <span class='ocrx_word' id='word_1_29' title='bbox 1413 304 1462 345; x_wconf 84' lang='grc' dir='ltr'><strong><em>τὸ</em></strong></span> <span class='ocrx_word' id='word_1_30' title='bbox 1496 305 1688 360; x_wconf 80' lang='grc' dir='ltr'><strong><em>πλῆθος.</em></strong></span> <span class='ocrx_word' id='word_1_31' title='bbox 1739 321 1782 345; x_wconf 89' lang='grc' dir='ltr'><strong><em>οι</em></strong></span> 
     </span>
     <span class='ocr_line' id='line_1_7' title="bbox 127 371 1782 426; baseline -0.001 -11"><span class='ocrx_word' id='word_1_32' title='bbox 127 374 173 416; x_wconf 81' lang='grc' dir='ltr'><strong><em>δὲ</em></strong></span> <span class='ocrx_word' id='word_1_33' title='bbox 197 374 371 424; x_wconf 73' lang='grc' dir='ltr'><strong><em>τούτοις</em></strong></span> <span class='ocrx_word' id='word_1_34' title='bbox 392 374 468 426; x_wconf 77' lang='grc' dir='ltr'><strong><em>μὲν</em></strong></span> <span class='ocrx_word' id='word_1_35' title='bbox 496 371 614 416; x_wconf 78' lang='grc' dir='ltr'><strong><em>εἶκον</em></strong></span> <span class='ocrx_word' id='word_1_36' title='bbox 646 373 924 426; x_wconf 74' lang='grc' dir='ltr'><strong><em>κακούμενοι,</em></strong></span> <span class='ocrx_word' id='word_1_37' title='bbox 957 377 1041 413; x_wconf 88' lang='grc' dir='ltr'><strong><em>τιῦν</em></strong></span> <span class='ocrx_word' id='word_1_38' title='bbox 1075 373 1118 413; x_wconf 71' lang='grc' dir='ltr'><strong><em>δὲ</em></strong></span> <span class='ocrx_word' id='word_1_39' title='bbox 1155 372 1310 426; x_wconf 85' lang='grc' dir='ltr'><strong><em>πόρρω</em></strong></span> <span class='ocrx_word' id='word_1_40' title='bbox 1341 373 1623 426; x_wconf 75' lang='grc' dir='ltr'><strong><em>βαλλομένων</em></strong></span> <span class='ocrx_word' id='word_1_41' title='bbox 1656 371 1782 414; x_wconf 74' lang='grc' dir='ltr'><strong><em>ἐνδο-</em></strong></span> 
     </span>
     <span class='ocr_line' id='line_1_8' title="bbox 125 437 1782 496; baseline 0 -15"><span class='ocrx_word' id='word_1_42' title='bbox 125 445 237 495; x_wconf 87' lang='grc' dir='ltr'><strong><em>τέρω</em></strong></span> <span class='ocrx_word' id='word_1_43' title='bbox 262 441 487 495; x_wconf 77' lang='grc' dir='ltr'><strong><em>γινόμενοι</em></strong></span> <span class='ocrx_word' id='word_1_44' title='bbox 519 446 810 496; x_wconf 67' lang='grc' dir='ltr'><strong><em>’προσέκειντο</em></strong></span> <span class='ocrx_word' id='word_1_45' title='bbox 842 449 936 490; x_wconf 86' lang='grc' dir='ltr'><strong><em>τοῖς</em></strong></span> <span class='ocrx_word' id='word_1_46' title='bbox 955 437 1182 492; x_wconf 75' lang='grc' dir='ltr'><strong><em>Ῥωμαίοις</em></strong></span> <span class='ocrx_word' id='word_1_47' title='bbox 1210 441 1396 492; x_wconf 78' lang='grc' dir='ltr'><strong><em>χαλεποὶ</em></strong></span> <span class='ocrx_word' id='word_1_48' title='bbox 1432 442 1504 482; x_wconf 82' lang='grc' dir='ltr'><strong><em>καὶ</em></strong></span> <span class='ocrx_word' id='word_1_49' title='bbox 1537 443 1678 494; x_wconf 78' lang='grc' dir='ltr'><strong><em>ψυχῆς</em></strong></span> <span class='ocrx_word' id='word_1_50' title='bbox 1709 441 1782 481; x_wconf 82' lang='grc' dir='ltr'><strong><em>καὶ</em></strong></span> 
     </span>
     <span class='ocr_line' id='line_1_9' title="bbox 125 506 1781 564; baseline -0.001 -15"><span class='ocrx_word' id='word_1_51' title='bbox 125 507 328 561; x_wconf 81' lang='grc' dir='ltr'><strong><em>σώματος</em></strong></span> <span class='ocrx_word' id='word_1_52' title='bbox 352 508 642 564; x_wconf 75' lang='grc' dir='ltr'><strong><em>ἀφειδοῦντες</em></strong></span> <span class='ocrx_word' id='word_1_53' title='bbox 664 508 892 561; x_wconf 68' lang='grc' dir='ltr'><strong><em>ἐμάχοντο,</em></strong></span> <span class='ocrx_word' id='word_1_54' title='bbox 924 509 970 551; x_wconf 78' lang='grc' dir='ltr'><strong><em>ἐκ</em></strong></span> <span class='ocrx_word' id='word_1_55' title='bbox 1003 508 1214 563; x_wconf 66' lang='grc' dir='ltr'><strong><em>διαδοχῆς</em></strong></span> <span class='ocrx_word' id='word_1_56' title='bbox 1245 507 1447 560; x_wconf 73' lang='grc' dir='ltr'><strong><em>ἑκάτεροι</em></strong></span> <span class='ocrx_word' id='word_1_57' title='bbox 1478 506 1528 548; x_wconf 77' lang='grc' dir='ltr'><strong><em>τό</em></strong></span> <span class='ocrx_word' id='word_1_58' title='bbox 1561 507 1781 563; x_wconf 76' lang='grc' dir='ltr'><strong><em>κεκμηκὸς</em></strong></span> 
     </span>
     <span class='ocr_line' id='line_1_10' title="bbox 123 576 718 630; baseline -0.003 -12"><span class='ocrx_word' id='word_1_59' title='bbox 123 576 290 618; x_wconf 82' lang='grc' dir='ltr'><strong><em>ἑαυτιῦν</em></strong></span> <span class='ocrx_word' id='word_1_60' title='bbox 323 576 718 630; x_wconf 75' lang='grc' dir='ltr'><strong><em>ἀναλαμβάνοντες.</em></strong></span> 
     </span>
    </p>

    <p class='ocr_par' dir='ltr' id='par_1_6' title="bbox 112 641 1780 1646">
     <span class='ocr_line' id='line_1_11' title="bbox 240 641 1778 699; baseline -0.001 -12"><span class='ocrx_word' id='word_1_61' title='bbox 240 648 303 687; x_wconf 85' lang='grc'><strong><em>19.</em></strong></span> <span class='ocrx_word' id='word_1_62' title='bbox 342 644 684 694; x_wconf 65' lang='grc' dir='ltr'><strong><em>Οὐεσπασιανὸς</em></strong></span> <span class='ocrx_word' id='word_1_63' title='bbox 708 645 753 686; x_wconf 81' lang='grc' dir='ltr'><strong><em>δὲ</em></strong></span> <span class='ocrx_word' id='word_1_64' title='bbox 781 642 1020 699; x_wconf 53' lang='grc' dir='ltr'><strong><em>ιῖγοόμενος</em></strong></span> <span class='ocrx_word' id='word_1_65' title='bbox 1041 645 1101 698; x_wconf 78' lang='grc' dir='ltr'><strong><em>τῷ</em></strong></span> <span class='ocrx_word' id='word_1_66' title='bbox 1124 642 1257 695; x_wconf 64' lang='grc' dir='ltr'><strong><em>μήκει</em></strong></span> <span class='ocrx_word' id='word_1_67' title='bbox 1277 647 1354 683; x_wconf 85' lang='grc' dir='ltr'><strong><em>τοῦ</em></strong></span> <span class='ocrx_word' id='word_1_68' title='bbox 1383 641 1543 695; x_wconf 81' lang='grc' dir='ltr'><strong><em>χρόνου</em></strong></span> <span class='ocrx_word' id='word_1_69' title='bbox 1576 645 1649 685; x_wconf 84' lang='grc' dir='ltr'><strong><em>καὶ</em></strong></span> <span class='ocrx_word' id='word_1_70' title='bbox 1680 651 1778 693; x_wconf 86' lang='grc' dir='ltr'><strong><em>ταῖς</em></strong></span> 
     </span>
     <span class='ocr_line' id='line_1_12' title="bbox 123 708 1778 766; baseline -0.001 -14"><span class='ocrx_word' id='word_1_71' title='bbox 123 710 363 765; x_wconf 77' lang='grc' dir='ltr'><strong><em>ἐκδρομαῖς</em></strong></span> <span class='ocrx_word' id='word_1_72' title='bbox 386 711 847 766; x_wconf 69' lang='grc' dir='ltr'><strong><em>ἀντιπολιορκεῖσθαι,</em></strong></span> <span class='ocrx_word' id='word_1_73' title='bbox 879 715 965 751; x_wconf 80' lang='grc' dir='ltr'><strong><em>τῶν</em></strong></span> <span class='ocrx_word' id='word_1_74' title='bbox 986 710 1201 763; x_wconf 81' lang='grc' dir='ltr'><strong><em>χωμάτων</em></strong></span> <span class='ocrx_word' id='word_1_75' title='bbox 1225 708 1304 765; x_wconf 57' lang='grc' dir='ltr'><strong><em>ἤδη</em></strong></span> <span class='ocrx_word' id='word_1_76' title='bbox 1328 719 1423 759; x_wconf 86' lang='grc' dir='ltr'><strong><em>τοῖς</em></strong></span> <span class='ocrx_word' id='word_1_77' title='bbox 1444 714 1609 762; x_wconf 81' lang='grc' dir='ltr'><strong><em>τείχεσι</em></strong></span> <span class='ocrx_word' id='word_1_78' title='bbox 1640 713 1778 753; x_wconf 81' lang='grc' dir='ltr'><strong><em>πελα-</em></strong></span> 
     </span>
     <span class='ocr_line' id='line_1_13' title="bbox 123 775 1780 834; baseline 0.001 -15"><span class='ocrx_word' id='word_1_79' title='bbox 123 778 283 829; x_wconf 62' lang='grc' dir='ltr'><strong><em>ιζόντων</em></strong></span> <span class='ocrx_word' id='word_1_80' title='bbox 305 778 549 833; x_wconf 74' lang='grc' dir='ltr'><strong><em>προσάγειν</em></strong></span> <span class='ocrx_word' id='word_1_81' title='bbox 581 781 688 834; x_wconf 69' lang='grc' dir='ltr'><strong><em>ἔγνω</em></strong></span> <span class='ocrx_word' id='word_1_82' title='bbox 720 779 795 820; x_wconf 78' lang='grc' dir='ltr'><strong><em>τὸν</em></strong></span> <span class='ocrx_word' id='word_1_83' title='bbox 827 778 964 832; x_wconf 86' lang='grc' dir='ltr'><strong><em>κριόν.</em></strong></span> <span class='ocrx_word' id='word_1_84' title='bbox 1015 775 1036 818; x_wconf 75' lang='grc' dir='ltr'><em>ὃ</em></span> <span class='ocrx_word' id='word_1_85' title='bbox 1072 776 1114 818; x_wconf 68' lang='grc' dir='ltr'><strong><em>δ’</em></strong></span> <span class='ocrx_word' id='word_1_86' title='bbox 1150 777 1269 819; x_wconf 78' lang='grc' dir='ltr'><strong><em>ἐστὶν</em></strong></span> <span class='ocrx_word' id='word_1_87' title='bbox 1305 776 1614 834; x_wconf 70' lang='grc' dir='ltr'><strong><em>ὑπερμεγέθης</em></strong></span> <span class='ocrx_word' id='word_1_88' title='bbox 1647 778 1780 828; x_wconf 81' lang='grc' dir='ltr'><strong><em>δοκὸς</em></strong></span> 
     </span>
     <span class='ocr_line' id='line_1_14' title="bbox 122 841 1778 902; baseline 0 -15"><span class='ocrx_word' id='word_1_89' title='bbox 122 845 231 901; x_wconf 68' lang='grc' dir='ltr'><strong><em>ἱστῷ</em></strong></span> <span class='ocrx_word' id='word_1_90' title='bbox 268 846 373 902; x_wconf 84' lang='grc' dir='ltr'><strong><em>νηὸς</em></strong></span> <span class='ocrx_word' id='word_1_91' title='bbox 405 846 739 902; x_wconf 72' lang='grc' dir='ltr'><strong><em>παραπλήσιος·</em></strong></span> <span class='ocrx_word' id='word_1_92' title='bbox 781 845 1031 898; x_wconf 73' lang='grc' dir='ltr'><strong><em>ἐστόμωται</em></strong></span> <span class='ocrx_word' id='word_1_93' title='bbox 1066 845 1112 886; x_wconf 79' lang='grc' dir='ltr'><strong><em>δὲ</em></strong></span> <span class='ocrx_word' id='word_1_94' title='bbox 1145 852 1277 896; x_wconf 82' lang='grc' dir='ltr'><strong><em>παχεῖ</em></strong></span> <span class='ocrx_word' id='word_1_95' title='bbox 1309 844 1478 899; x_wconf 75' lang='grc' dir='ltr'><strong><em>σιδήρῳ</em></strong></span> <span class='ocrx_word' id='word_1_96' title='bbox 1512 841 1607 886; x_wconf 70' lang='grc' dir='ltr'><strong><em>κατ’</em></strong></span> <span class='ocrx_word' id='word_1_97' title='bbox 1643 845 1778 900; x_wconf 76' lang='grc' dir='ltr'><strong><em>ἄκρον</em></strong></span> 
     </span>
     <span class='ocr_line' id='line_1_15' title="bbox 121 909 1777 970; baseline -0.001 -15"><span class='ocrx_word' id='word_1_98' title='bbox 121 912 186 963; x_wconf 88' lang='grc' dir='ltr'><strong><em>εἰς</em></strong></span> <span class='ocrx_word' id='word_1_99' title='bbox 218 919 343 969; x_wconf 82' lang='grc' dir='ltr'><strong><em>κριοῦ</em></strong></span> <span class='ocrx_word' id='word_1_100' title='bbox 374 914 623 969; x_wconf 79' lang='grc' dir='ltr'><strong><em>προτομήν,</em></strong></span> <span class='ocrx_word' id='word_1_101' title='bbox 664 910 746 970; x_wconf 64' lang='grc' dir='ltr'><strong><em>ἀφ’</em></strong></span> <span class='ocrx_word' id='word_1_102' title='bbox 784 909 835 955; x_wconf 75' lang='grc' dir='ltr'><strong><em>οὗ</em></strong></span> <span class='ocrx_word' id='word_1_103' title='bbox 866 913 939 954; x_wconf 79' lang='grc' dir='ltr'><strong><em>καὶ</em></strong></span> <span class='ocrx_word' id='word_1_104' title='bbox 971 914 1191 961; x_wconf 88' lang='grc' dir='ltr'><strong><em>καλεῖται,</em></strong></span> <span class='ocrx_word' id='word_1_105' title='bbox 1224 917 1533 967; x_wconf 69' lang='grc' dir='ltr'><strong><em>τετυπωμένῳ.</em></strong></span> <span class='ocrx_word' id='word_1_106' title='bbox 1586 929 1777 954; x_wconf 89' lang='grc' dir='ltr'><strong><em>καταιω-</em></strong></span> 
     </span>
     <span class='ocr_line' id='line_1_16' title="bbox 120 979 1776 1034; baseline 0 -12"><span class='ocrx_word' id='word_1_107' title='bbox 120 987 264 1034; x_wconf 86' lang='grc' dir='ltr'><strong><em>ρεῖται</em></strong></span> <span class='ocrx_word' id='word_1_108' title='bbox 288 982 334 1025; x_wconf 76' lang='grc' dir='ltr'><strong><em>δὲ</em></strong></span> <span class='ocrx_word' id='word_1_109' title='bbox 359 982 511 1032; x_wconf 84' lang='grc' dir='ltr'><strong><em>κάλοις</em></strong></span> <span class='ocrx_word' id='word_1_110' title='bbox 532 986 669 1034; x_wconf 84' lang='grc' dir='ltr'><strong><em>μέσος</em></strong></span> <span class='ocrx_word' id='word_1_111' title='bbox 691 981 843 1034; x_wconf 77' lang='grc' dir='ltr'><strong><em>ὥσπερ</em></strong></span> <span class='ocrx_word' id='word_1_112' title='bbox 867 980 957 1022; x_wconf 76' lang='grc' dir='ltr'><strong><em>ἀπὸ</em></strong></span> <span class='ocrx_word' id='word_1_113' title='bbox 980 980 1252 1033; x_wconf 71' lang='grc' dir='ltr'><strong><em>πλάστιγγος</em></strong></span> <span class='ocrx_word' id='word_1_114' title='bbox 1274 979 1428 1032; x_wconf 77' lang='grc' dir='ltr'><strong><em>ἑτέρας</em></strong></span> <span class='ocrx_word' id='word_1_115' title='bbox 1462 980 1608 1029; x_wconf 75' lang='grc' dir='ltr'><strong><em>δοκοῦ,</em></strong></span> <span class='ocrx_word' id='word_1_116' title='bbox 1643 997 1776 1022; x_wconf 82' lang='grc' dir='ltr'><strong><em>σταυ-</em></strong></span> 
     </span>
     <span class='ocr_line' id='line_1_17' title="bbox 119 1045 1776 1103; baseline 0.001 -14"><span class='ocrx_word' id='word_1_117' title='bbox 119 1057 215 1102; x_wconf 87' lang='grc' dir='ltr'><strong><em>ροῖς</em></strong></span> <span class='ocrx_word' id='word_1_118' title='bbox 256 1049 538 1103; x_wconf 78' lang='grc' dir='ltr'><strong><em>ἑκατέρωθεν</em></strong></span> <span class='ocrx_word' id='word_1_119' title='bbox 579 1049 778 1103; x_wconf 79' lang='grc' dir='ltr'><strong><em>ἑδραίοις</em></strong></span> <span class='ocrx_word' id='word_1_120' title='bbox 808 1047 1205 1103; x_wconf 62' lang='grc' dir='ltr'><strong><em>ὑπεστηριγμένης.</em></strong></span> <span class='ocrx_word' id='word_1_121' title='bbox 1257 1046 1576 1097; x_wconf 69' lang='grc' dir='ltr'><strong><em>ἀνωθούμενος</em></strong></span> <span class='ocrx_word' id='word_1_122' title='bbox 1611 1049 1657 1090; x_wconf 80' lang='grc' dir='ltr'><strong><em>δὲ</em></strong></span> <span class='ocrx_word' id='word_1_123' title='bbox 1690 1045 1776 1090; x_wconf 75' lang='grc' dir='ltr'><strong><em>ὑπὸ</em></strong></span> 
     </span>
     <span class='ocr_line' id='line_1_18' title="bbox 118 1110 1779 1171; baseline -0.001 -14"><span class='ocrx_word' id='word_1_124' title='bbox 118 1117 326 1171; x_wconf 77' lang='grc' dir='ltr'><strong><em>πλήθους</em></strong></span> <span class='ocrx_word' id='word_1_125' title='bbox 364 1116 535 1170; x_wconf 75' lang='grc' dir='ltr'><strong><em>ἀνδρῶν</em></strong></span> <span class='ocrx_word' id='word_1_126' title='bbox 577 1117 641 1166; x_wconf 82' lang='grc' dir='ltr'><strong><em>εἷς</em></strong></span> <span class='ocrx_word' id='word_1_127' title='bbox 679 1116 727 1158; x_wconf 80' lang='grc' dir='ltr'><strong><em>τὸ</em></strong></span> <span class='ocrx_word' id='word_1_128' title='bbox 769 1116 979 1168; x_wconf 78' lang='grc' dir='ltr'><strong><em>κατόπιν,</em></strong></span> <span class='ocrx_word' id='word_1_129' title='bbox 1021 1117 1107 1157; x_wconf 78' lang='grc' dir='ltr'><strong><em>τῶν</em></strong></span> <span class='ocrx_word' id='word_1_130' title='bbox 1148 1110 1291 1157; x_wconf 74' lang='grc' dir='ltr'><strong><em>αῧτιῦν</em></strong></span> <span class='ocrx_word' id='word_1_131' title='bbox 1329 1113 1514 1169; x_wconf 81' lang='grc' dir='ltr'><strong><em>ἀθρόως</em></strong></span> <span class='ocrx_word' id='word_1_132' title='bbox 1545 1115 1679 1156; x_wconf 82' lang='grc' dir='ltr'><strong><em>πάλιν</em></strong></span> <span class='ocrx_word' id='word_1_133' title='bbox 1714 1115 1779 1165; x_wconf 86' lang='grc' dir='ltr'><strong><em>εἰς</em></strong></span> 
     </span>
     <span class='ocr_line' id='line_1_19' title="bbox 115 1183 1776 1239; baseline -0.001 -14"><span class='ocrx_word' id='word_1_134' title='bbox 115 1184 434 1239; x_wconf 68' lang='grc' dir='ltr'><strong><em>τοῖἷμπροσθεν</em></strong></span> <span class='ocrx_word' id='word_1_135' title='bbox 455 1184 780 1239; x_wconf 74' lang='grc' dir='ltr'><strong><em>ἐπιβρισάντων</em></strong></span> <span class='ocrx_word' id='word_1_136' title='bbox 802 1184 958 1227; x_wconf 68' lang='grc' dir='ltr'><strong><em>τύπτει</em></strong></span> <span class='ocrx_word' id='word_1_137' title='bbox 979 1183 1032 1225; x_wconf 78' lang='grc' dir='ltr'><strong><em>τὰ</em></strong></span> <span class='ocrx_word' id='word_1_138' title='bbox 1055 1187 1174 1238; x_wconf 86' lang='grc' dir='ltr'><strong><em>τείχη</em></strong></span> <span class='ocrx_word' id='word_1_139' title='bbox 1198 1187 1259 1238; x_wconf 70' lang='grc' dir='ltr'><strong><em>τῷ</em></strong></span> <span class='ocrx_word' id='word_1_140' title='bbox 1282 1187 1573 1236; x_wconf 74' lang='grc' dir='ltr'><strong><em>προανέχοντι</em></strong></span> <span class='ocrx_word' id='word_1_141' title='bbox 1596 1183 1776 1238; x_wconf 78' lang='grc' dir='ltr'><strong><em>σιδήρῳ.</em></strong></span> 
     </span>
     <span class='ocr_line' id='line_1_20' title="bbox 119 1247 1777 1307; baseline -0.001 -14"><span class='ocrx_word' id='word_1_142' title='bbox 119 1254 191 1294; x_wconf 81' lang='grc' dir='ltr'><strong><em>καὶ</em></strong></span> <span class='ocrx_word' id='word_1_143' title='bbox 232 1251 380 1302; x_wconf 63' lang='grc' dir='ltr'><strong><em>οιῗδεὶς</em></strong></span> <span class='ocrx_word' id='word_1_144' title='bbox 416 1251 553 1302; x_wconf 65' lang='grc' dir='ltr'><strong><em>οὕτως</em></strong></span> <span class='ocrx_word' id='word_1_145' title='bbox 584 1252 799 1307; x_wconf 79' lang='grc' dir='ltr'><strong><em>καρτερὸς</em></strong></span> <span class='ocrx_word' id='word_1_146' title='bbox 828 1252 997 1306; x_wconf 75' lang='grc' dir='ltr'><strong><em>πύργος</em></strong></span> <span class='ocrx_word' id='word_1_147' title='bbox 1036 1248 1062 1307; x_wconf 76' lang='grc' dir='ltr'><em>ἢ</em></span> <span class='ocrx_word' id='word_1_148' title='bbox 1098 1252 1341 1304; x_wconf 83' lang='grc' dir='ltr'><strong><em>περίβολος</em></strong></span> <span class='ocrx_word' id='word_1_149' title='bbox 1381 1250 1570 1300; x_wconf 81' lang='grc' dir='ltr'><strong><em>πλατύς,</em></strong></span> <span class='ocrx_word' id='word_1_150' title='bbox 1610 1248 1658 1300; x_wconf 72' lang='grc' dir='ltr'><strong><em>ὃς</em></strong></span> <span class='ocrx_word' id='word_1_151' title='bbox 1697 1247 1777 1292; x_wconf 70' lang='grc' dir='ltr'><strong><em>κᾶν</em></strong></span> 
     </span>
     <span class='ocr_line' id='line_1_21' title="bbox 113 1317 1776 1377; baseline -0.002 -17"><span class='ocrx_word' id='word_1_152' title='bbox 113 1319 193 1370; x_wconf 81' lang='grc' dir='ltr'><strong><em>τὰς</em></strong></span> <span class='ocrx_word' id='word_1_153' title='bbox 231 1320 411 1375; x_wconf 82' lang='grc' dir='ltr'><strong><em>πριότας</em></strong></span> <span class='ocrx_word' id='word_1_154' title='bbox 449 1321 620 1376; x_wconf 81' lang='grc' dir='ltr'><strong><em>πληγὰς</em></strong></span> <span class='ocrx_word' id='word_1_155' title='bbox 656 1320 809 1377; x_wconf 76' lang='grc' dir='ltr'><strong><em>ἐνέγκῃ</em></strong></span> <span class='ocrx_word' id='word_1_156' title='bbox 853 1324 1114 1372; x_wconf 81' lang='grc' dir='ltr'><strong><em>κατίσχυσεν</em></strong></span> <span class='ocrx_word' id='word_1_157' title='bbox 1154 1324 1231 1376; x_wconf 83' lang='grc' dir='ltr'><strong><em>τῆς</em></strong></span> <span class='ocrx_word' id='word_1_158' title='bbox 1271 1319 1502 1375; x_wconf 74' lang='grc' dir='ltr'><strong><em>ἐπιμονῆς.</em></strong></span> <span class='ocrx_word' id='word_1_159' title='bbox 1563 1318 1639 1361; x_wconf 78' lang='grc' dir='ltr'><strong><em>ἐπὶ</em></strong></span> <span class='ocrx_word' id='word_1_160' title='bbox 1671 1317 1776 1359; x_wconf 74' lang='grc' dir='ltr'><strong><em>ται-’-</em></strong></span> 
     </span>
     <span class='ocr_line' id='line_1_22' title="bbox 114 1384 1775 1445; baseline -0.001 -17"><span class='ocrx_word' id='word_1_161' title='bbox 114 1404 192 1443; x_wconf 82' lang='grc' dir='ltr'><strong><em>την</em></strong></span> <span class='ocrx_word' id='word_1_162' title='bbox 236 1389 315 1445; x_wconf 76' lang='grc' dir='ltr'><strong><em>τὴν</em></strong></span> <span class='ocrx_word' id='word_1_163' title='bbox 357 1396 516 1441; x_wconf 88' lang='grc' dir='ltr'><strong><em>πεῖραν</em></strong></span> <span class='ocrx_word' id='word_1_164' title='bbox 557 1384 578 1428; x_wconf 80' lang='grc' dir='ltr'><em>ὃ</em></span> <span class='ocrx_word' id='word_1_165' title='bbox 620 1386 865 1443; x_wconf 81' lang='grc' dir='ltr'><strong><em>στρατηγὸς</em></strong></span> <span class='ocrx_word' id='word_1_166' title='bbox 903 1392 987 1429; x_wconf 81' lang='grc' dir='ltr'><strong><em>τῶν</em></strong></span> <span class='ocrx_word' id='word_1_167' title='bbox 1024 1384 1243 1439; x_wconf 86' lang='grc' dir='ltr'><strong><em>Ῥωμαίων</em></strong></span> <span class='ocrx_word' id='word_1_168' title='bbox 1283 1391 1542 1440; x_wconf 86' lang='grc' dir='ltr'><strong><em>μετέβαινεν</em></strong></span> <span class='ocrx_word' id='word_1_169' title='bbox 1583 1390 1661 1442; x_wconf 75' lang='grc' dir='ltr'><strong><em>βίᾳ</em></strong></span> <span class='ocrx_word' id='word_1_170' title='bbox 1699 1385 1775 1441; x_wconf 66' lang='grc' dir='ltr'><strong><em>τήν</em></strong></span> 
     </span>
     <span class='ocr_line' id='line_1_23' title="bbox 114 1450 1776 1511; baseline -0.001 -14"><span class='ocrx_word' id='word_1_171' title='bbox 114 1455 245 1498; x_wconf 89' lang='grc' dir='ltr'><strong><em>πόλιν</em></strong></span> <span class='ocrx_word' id='word_1_172' title='bbox 284 1455 399 1499; x_wconf 78' lang='grc' dir='ltr'><strong><em>ἑλεῖν</em></strong></span> <span class='ocrx_word' id='word_1_173' title='bbox 442 1455 669 1506; x_wconf 80' lang='grc' dir='ltr'><strong><em>σπεύδων,</em></strong></span> <span class='ocrx_word' id='word_1_174' title='bbox 710 1453 771 1505; x_wconf 79' lang='grc' dir='ltr'><strong><em>ὠς</em></strong></span> <span class='ocrx_word' id='word_1_175' title='bbox 807 1454 858 1496; x_wconf 80' lang='grc' dir='ltr'><strong><em>τὸ</em></strong></span> <span class='ocrx_word' id='word_1_176' title='bbox 897 1452 1304 1509; x_wconf 71' lang='grc' dir='ltr'><strong><em>προσκαθέζεσθαι</em></strong></span> <span class='ocrx_word' id='word_1_177' title='bbox 1341 1454 1560 1508; x_wconf 83' lang='grc' dir='ltr'><strong><em>βλαβερὸν</em></strong></span> <span class='ocrx_word' id='word_1_178' title='bbox 1592 1450 1644 1511; x_wconf 79' lang='grc' dir='ltr'><strong><em>ἦν</em></strong></span> <span class='ocrx_word' id='word_1_179' title='bbox 1672 1452 1776 1495; x_wconf 84' lang='grc' dir='ltr'><strong><em>Ἰου-</em></strong></span> 
     </span>
     <span class='ocr_line' id='line_1_24' title="bbox 114 1518 1773 1579; baseline -0.002 -14"><span class='ocrx_word' id='word_1_180' title='bbox 114 1524 249 1566; x_wconf 89' lang='grc' dir='ltr'><strong><em>δαίων</em></strong></span> <span class='ocrx_word' id='word_1_181' title='bbox 290 1518 369 1565; x_wconf 77' lang='grc' dir='ltr'><strong><em>οὗκ</em></strong></span> <span class='ocrx_word' id='word_1_182' title='bbox 407 1523 698 1579; x_wconf 80' lang='grc' dir='ltr'><strong><em>ἠρεμούντων.</em></strong></span> <span class='ocrx_word' id='word_1_183' title='bbox 761 1523 804 1565; x_wconf 78' lang='grc' dir='ltr'><strong><em>οἱ</em></strong></span> <span class='ocrx_word' id='word_1_184' title='bbox 841 1524 921 1577; x_wconf 82' lang='grc' dir='ltr'><strong><em>μὲν</em></strong></span> <span class='ocrx_word' id='word_1_185' title='bbox 963 1520 1037 1565; x_wconf 77' lang='grc' dir='ltr'><strong><em>οὖν</em></strong></span> <span class='ocrx_word' id='word_1_186' title='bbox 1077 1523 1179 1572; x_wconf 80' lang='grc' dir='ltr'><strong><em>τούς</em></strong></span> <span class='ocrx_word' id='word_1_187' title='bbox 1220 1539 1266 1565; x_wconf 87' lang='grc' dir='ltr'><strong><em>τε</em></strong></span> <span class='ocrx_word' id='word_1_188' title='bbox 1304 1524 1584 1572; x_wconf 80' lang='grc' dir='ltr'><strong><em>καταπέλτας</em></strong></span> <span class='ocrx_word' id='word_1_189' title='bbox 1615 1520 1773 1563; x_wconf 81' lang='grc' dir='ltr'><strong><em>καὶτὰ</em></strong></span> 
     </span>
     <span class='ocr_line' id='line_1_25' title="bbox 112 1586 1774 1646; baseline -0.001 -14"><span class='ocrx_word' id='word_1_190' title='bbox 112 1591 248 1633; x_wconf 82' lang='grc' dir='ltr'><strong><em>λοιπὰ</em></strong></span> <span class='ocrx_word' id='word_1_191' title='bbox 284 1596 367 1632; x_wconf 80' lang='grc' dir='ltr'><strong><em>τῶν</em></strong></span> <span class='ocrx_word' id='word_1_192' title='bbox 400 1590 676 1646; x_wconf 76' lang='grc' dir='ltr'><strong><em>ἀφετηρίων,</em></strong></span> <span class='ocrx_word' id='word_1_193' title='bbox 716 1589 776 1641; x_wconf 72' lang='grc' dir='ltr'><strong><em>(ἇς</em></strong></span> <span class='ocrx_word' id='word_1_194' title='bbox 807 1590 1023 1643; x_wconf 71' lang='grc' dir='ltr'><strong><em>ἐξικνοῖτο</em></strong></span> <span class='ocrx_word' id='word_1_195' title='bbox 1055 1593 1139 1632; x_wconf 82' lang='grc' dir='ltr'><strong><em>τῶν</em></strong></span> <span class='ocrx_word' id='word_1_196' title='bbox 1172 1589 1247 1633; x_wconf 74' lang='grc' dir='ltr'><strong><em>ἐπὶ</em></strong></span> <span class='ocrx_word' id='word_1_197' title='bbox 1280 1595 1357 1632; x_wconf 78' lang='grc' dir='ltr'><strong><em>τοῦ</em></strong></span> <span class='ocrx_word' id='word_1_198' title='bbox 1387 1594 1558 1643; x_wconf 85' lang='grc' dir='ltr'><strong><em>τείχους</em></strong></span> <span class='ocrx_word' id='word_1_199' title='bbox 1590 1586 1774 1631; x_wconf 69' lang='grc' dir='ltr'><strong><em>κωλύειν</em></strong></span> 
     </span>
    </p>
   </div>
   <div class='ocr_carea' id='block_1_6' title="bbox 1617 1673 1731 1676">
    <p class='ocr_par' dir='ltr' id='par_1_7' title="bbox 1617 1673 1731 1676">
     <span class='ocr_line' id='line_1_26' title="bbox 1617 1673 1731 1676; baseline 0 0"><span class='ocrx_word' id='word_1_200' title='bbox 1617 1673 1731 1676; x_wconf 95' lang='lat' dir='ltr'><strong><em> </em></strong></span> 
     </span>
    </p>
   </div>
   <div class='ocr_carea' id='block_1_7' title="bbox 108 1700 1774 2933">
    <p class='ocr_par' dir='ltr' id='par_1_8' title="bbox 223 1700 1664 1748">
     <span class='ocr_line' id='line_1_27' title="bbox 223 1700 1664 1748; baseline -0.001 -10"><span class='ocrx_word' id='word_1_201' title='bbox 223 1703 768 1748; x_wconf 79' lang='lat' dir='ltr'><strong><em>PAMLVRCLatHegesippus</em></strong></span> <span class='ocrx_word' id='word_1_202' title='bbox 792 1703 846 1738; x_wconf 92' lang='lat' dir='ltr'><strong><em>III</em></strong></span> <span class='ocrx_word' id='word_1_203' title='bbox 874 1707 910 1738; x_wconf 89' lang='lat'><strong><em>11</em></strong></span> <span class='ocrx_word' id='word_1_204' title='bbox 939 1715 974 1748; x_wconf 90' lang='lat' dir='ltr'><strong><em>p.</em></strong></span> <span class='ocrx_word' id='word_1_205' title='bbox 1003 1706 1079 1738; x_wconf 73' lang='grc'><strong>189.</strong></span> <span class='ocrx_word' id='word_1_206' title='bbox 1128 1703 1256 1737; x_wconf 80' lang='lat' dir='ltr'>Suidas</span> <span class='ocrx_word' id='word_1_207' title='bbox 1283 1714 1310 1738; x_wconf 79' lang='lat' dir='ltr'><strong><em>S.</em></strong></span> <span class='ocrx_word' id='word_1_208' title='bbox 1335 1701 1453 1748; x_wconf 78' lang='grc' dir='ltr'><strong><em>κριός,</em></strong></span> <span class='ocrx_word' id='word_1_209' title='bbox 1478 1700 1664 1748; x_wconf 77' lang='grc' dir='ltr'><strong><em>προτομή.</em></strong></span> 
     </span>
    </p>

    <p class='ocr_par' dir='ltr' id='par_1_9' title="bbox 108 1754 1774 2933">
     <span class='ocr_line' id='line_1_28' title="bbox 227 1754 1774 1807; baseline -0.001 -12"><span class='ocrx_word' id='word_1_210' title='bbox 227 1765 241 1795; x_wconf 91' lang='grc'><strong><em>1</em></strong></span> <span class='ocrx_word' id='word_1_211' title='bbox 277 1762 543 1807; x_wconf 79' lang='grc' dir='ltr'><strong><em>σφενδονίταισ</em></strong></span> <span class='ocrx_word' id='word_1_212' title='bbox 566 1761 627 1795; x_wconf 84' lang='lat' dir='ltr'><strong><em>AG</em></strong></span> <span class='ocrx_word' id='word_1_213' title='bbox 646 1763 919 1806; x_wconf 77' lang='grc' dir='ltr'><strong><em>σφενδονηταῖσ</em></strong></span> <span class='ocrx_word' id='word_1_214' title='bbox 943 1760 1025 1795; x_wconf 82' lang='lat' dir='ltr'><strong><em>L¹R</em></strong></span> <span class='ocrx_word' id='word_1_215' title='bbox 1095 1763 1113 1794; x_wconf 85' lang='lat'>2</span> <span class='ocrx_word' id='word_1_216' title='bbox 1139 1760 1188 1801; x_wconf 77' lang='grc' dir='ltr'><strong><em>δὲ]</em></strong></span> <span class='ocrx_word' id='word_1_217' title='bbox 1214 1756 1248 1795; x_wconf 76' lang='grc' dir='ltr'><strong><em>δ’</em></strong></span> <span class='ocrx_word' id='word_1_218' title='bbox 1273 1759 1303 1793; x_wconf 90' lang='lat' dir='ltr'>L</span> <span class='ocrx_word' id='word_1_219' title='bbox 1328 1760 1419 1794; x_wconf 80' lang='lat' dir='ltr'><strong><em>em&#39;m</em></strong></span> <span class='ocrx_word' id='word_1_220' title='bbox 1443 1759 1514 1793; x_wconf 80' lang='lat' dir='ltr'><strong><em>Lat</em></strong></span> <span class='ocrx_word' id='word_1_221' title='bbox 1587 1754 1774 1805; x_wconf 80' lang='grc' dir='ltr'><strong><em>ὀργάνων,</em></strong></span> 
     </span>
     <span class='ocr_line' id='line_1_29' title="bbox 112 1811 1682 1863; baseline -0.003 -10"><span class='ocrx_word' id='word_1_222' title='bbox 112 1831 163 1853; x_wconf 87' lang='grc' dir='ltr'><strong><em>νω</em></strong></span> <span class='ocrx_word' id='word_1_223' title='bbox 195 1817 219 1853; x_wconf 89' lang='lat' dir='ltr'><strong><em>i.</em></strong></span> <span class='ocrx_word' id='word_1_224' title='bbox 248 1828 319 1852; x_wconf 80' lang='lat' dir='ltr'><strong>ras.</strong></span> <span class='ocrx_word' id='word_1_225' title='bbox 344 1819 377 1851; x_wconf 90' lang='lat' dir='ltr'>A</span> <span class='ocrx_word' id='word_1_226' title='bbox 480 1820 498 1851; x_wconf 87' lang='lat'><strong>3</strong></span> <span class='ocrx_word' id='word_1_227' title='bbox 525 1815 640 1858; x_wconf 78' lang='grc' dir='ltr'><strong><em>εἶκον]</em></strong></span> <span class='ocrx_word' id='word_1_228' title='bbox 666 1827 709 1852; x_wconf 80' lang='lat' dir='ltr'><strong><em>ex</em></strong></span> <span class='ocrx_word' id='word_1_229' title='bbox 733 1811 827 1863; x_wconf 73' lang='grc' dir='ltr'><strong><em>ἧκον</em></strong></span> <span class='ocrx_word' id='word_1_230' title='bbox 851 1827 943 1852; x_wconf 84' lang='lat' dir='ltr'>corr.</span> <span class='ocrx_word' id='word_1_231' title='bbox 969 1817 1008 1851; x_wconf 90' lang='lat' dir='ltr'>M</span> <span class='ocrx_word' id='word_1_232' title='bbox 1033 1814 1159 1852; x_wconf 74' lang='grc' dir='ltr'><strong><em>εἷ’κουν</em></strong></span> <span class='ocrx_word' id='word_1_233' title='bbox 1182 1816 1229 1849; x_wconf 88' lang='lat' dir='ltr'><strong><em>L¹</em></strong></span> <span class='ocrx_word' id='word_1_234' title='bbox 1255 1814 1367 1852; x_wconf 74' lang='grc' dir='ltr'><strong><em>εἴκων</em></strong></span> <span class='ocrx_word' id='word_1_235' title='bbox 1392 1816 1417 1849; x_wconf 89' lang='lat' dir='ltr'>C</span> <span class='ocrx_word' id='word_1_236' title='bbox 1443 1811 1501 1852; x_wconf 73' lang='grc' dir='ltr'><strong><em>αἐὶ</em></strong></span> <span class='ocrx_word' id='word_1_237' title='bbox 1526 1812 1630 1851; x_wconf 74' lang='grc' dir='ltr'><strong><em>εἷ’κον</em></strong></span> <span class='ocrx_word' id='word_1_238' title='bbox 1653 1815 1682 1848; x_wconf 91' lang='grc' dir='ltr'>Ρ</span> 
     </span>
     <span class='ocr_line' id='line_1_30' title="bbox 109 1866 1771 1921; baseline -0.002 -11"><span class='ocrx_word' id='word_1_239' title='bbox 109 1871 302 1921; x_wconf 79' lang='grc' dir='ltr'><strong><em>ἕνδότεροι</em></strong></span> <span class='ocrx_word' id='word_1_240' title='bbox 326 1874 354 1908; x_wconf 87' lang='grc' dir='ltr'>Ρ</span> <span class='ocrx_word' id='word_1_241' title='bbox 378 1872 571 1921; x_wconf 80' lang='grc' dir='ltr'><strong><em>ἐνδοτέροι</em></strong></span> <span class='ocrx_word' id='word_1_242' title='bbox 593 1875 626 1907; x_wconf 90' lang='grc' dir='ltr'><strong>Α</strong></span> <span class='ocrx_word' id='word_1_243' title='bbox 650 1873 843 1920; x_wconf 79' lang='grc' dir='ltr'><strong><em>ἐνδωτέρω</em></strong></span> <span class='ocrx_word' id='word_1_244' title='bbox 869 1873 895 1908; x_wconf 88' lang='lat' dir='ltr'>C</span> <span class='ocrx_word' id='word_1_245' title='bbox 1023 1877 1043 1908; x_wconf 90' lang='grc'>4</span> <span class='ocrx_word' id='word_1_246' title='bbox 1068 1872 1270 1920; x_wconf 66' lang='grc' dir='ltr'><strong><em>προσέχειν</em></strong></span> <span class='ocrx_word' id='word_1_247' title='bbox 1294 1872 1341 1906; x_wconf 85' lang='lat' dir='ltr'><strong><em>L²</em></strong></span> <span class='ocrx_word' id='word_1_248' title='bbox 1471 1875 1490 1905; x_wconf 82' lang='grc'><strong>5</strong></span> <span class='ocrx_word' id='word_1_249' title='bbox 1515 1871 1560 1907; x_wconf 81' lang='grc' dir='ltr'><strong><em>τὸ</em></strong></span> <span class='ocrx_word' id='word_1_250' title='bbox 1576 1874 1652 1906; x_wconf 77' lang='grc'><strong><em>-6</em></strong></span> <span class='ocrx_word' id='word_1_251' title='bbox 1684 1866 1771 1907; x_wconf 77' lang='grc' dir='ltr'><strong><em>α’να-</em></strong></span> 
     </span>
     <span class='ocr_line' id='line_1_31' title="bbox 109 1924 1698 1977; baseline -0.003 -12"><span class='ocrx_word' id='word_1_252' title='bbox 109 1928 370 1977; x_wconf 78' lang='grc' dir='ltr'><strong><em>λαμβάνοντες</em></strong></span> <span class='ocrx_word' id='word_1_253' title='bbox 393 1931 415 1965; x_wconf 88' lang='lat' dir='ltr'><strong><em>i.</em></strong></span> <span class='ocrx_word' id='word_1_254' title='bbox 441 1941 549 1974; x_wconf 84' lang='lat' dir='ltr'>marg.</span> <span class='ocrx_word' id='word_1_255' title='bbox 577 1931 692 1976; x_wconf 85' lang='lat' dir='ltr'><strong>suppl.</strong></span> <span class='ocrx_word' id='word_1_256' title='bbox 718 1942 763 1966; x_wconf 90' lang='lat' dir='ltr'><strong><em>m.</em></strong></span> <span class='ocrx_word' id='word_1_257' title='bbox 790 1934 808 1965; x_wconf 86' lang='lat'>2</span> <span class='ocrx_word' id='word_1_258' title='bbox 832 1930 863 1964; x_wconf 90' lang='lat' dir='ltr'>L</span> <span class='ocrx_word' id='word_1_259' title='bbox 952 1934 970 1965; x_wconf 83' lang='grc'><strong>6</strong></span> <span class='ocrx_word' id='word_1_260' title='bbox 997 1928 1141 1966; x_wconf 70' lang='grc' dir='ltr'><strong><em>ἑαυτῶν</em></strong></span> <span class='ocrx_word' id='word_1_261' title='bbox 1166 1940 1233 1964; x_wconf 91' lang='lat' dir='ltr'><strong><em>om.</em></strong></span> <span class='ocrx_word' id='word_1_262' title='bbox 1260 1929 1286 1963; x_wconf 89' lang='lat' dir='ltr'>C</span> <span class='ocrx_word' id='word_1_263' title='bbox 1382 1933 1398 1962; x_wconf 83' lang='lat'>7</span> <span class='ocrx_word' id='word_1_264' title='bbox 1424 1929 1447 1963; x_wconf 87' lang='lat' dir='ltr'><strong><em>i.</em></strong></span> <span class='ocrx_word' id='word_1_265' title='bbox 1474 1938 1584 1971; x_wconf 87' lang='lat' dir='ltr'><strong>marg.</strong></span> <span class='ocrx_word' id='word_1_266' title='bbox 1611 1924 1641 1972; x_wconf 85' lang='grc' dir='ltr'><strong><em>ζ’</em></strong></span> <span class='ocrx_word' id='word_1_267' title='bbox 1665 1927 1698 1962; x_wconf 88' lang='lat' dir='ltr'><strong>V</strong></span> 
     </span>
     <span class='ocr_line' id='line_1_32' title="bbox 110 1982 1772 2033; baseline -0.001 -11"><span class='ocrx_word' id='word_1_268' title='bbox 110 1990 129 2021; x_wconf 88' lang='lat'>9</span> <span class='ocrx_word' id='word_1_269' title='bbox 155 1983 192 2023; x_wconf 80' lang='grc' dir='ltr'><strong><em>δὲ</em></strong></span> <span class='ocrx_word' id='word_1_270' title='bbox 210 1987 306 2023; x_wconf 82' lang='lat' dir='ltr'><strong><em>VRC</em></strong></span> <span class='ocrx_word' id='word_1_271' title='bbox 394 1986 472 2023; x_wconf 80' lang='grc' dir='ltr'><strong><em>ἐστι</em></strong></span> <span class='ocrx_word' id='word_1_272' title='bbox 499 1987 525 2022; x_wconf 88' lang='lat' dir='ltr'>C</span> <span class='ocrx_word' id='word_1_273' title='bbox 618 1983 886 2033; x_wconf 67' lang='grc' dir='ltr'><strong><em>ὑπερμεγέθης]</em></strong></span> <span class='ocrx_word' id='word_1_274' title='bbox 910 1987 1019 2031; x_wconf 81' lang='lat' dir='ltr'><strong>incip.</strong></span> <span class='ocrx_word' id='word_1_275' title='bbox 1044 1986 1131 2021; x_wconf 84' lang='lat' dir='ltr'>Suid</span> <span class='ocrx_word' id='word_1_276' title='bbox 1155 1995 1184 2022; x_wconf 77' lang='lat' dir='ltr'><strong><em>s.</em></strong></span> <span class='ocrx_word' id='word_1_277' title='bbox 1208 1984 1317 2031; x_wconf 81' lang='grc' dir='ltr'><strong><em>κριός</em></strong></span> <span class='ocrx_word' id='word_1_278' title='bbox 1341 1987 1376 2019; x_wconf 83' lang='lat' dir='ltr'><strong><em>et</em></strong></span> <span class='ocrx_word' id='word_1_279' title='bbox 1400 1982 1575 2030; x_wconf 81' lang='grc' dir='ltr'><strong><em>προτομή</em></strong></span> <span class='ocrx_word' id='word_1_280' title='bbox 1645 1983 1772 2026; x_wconf 83' lang='grc' dir='ltr'><strong><em>δοκὸς]</em></strong></span> 
     </span>
     <span class='ocr_line' id='line_1_33' title="bbox 110 2040 1771 2091; baseline -0.002 -13"><span class='ocrx_word' id='word_1_281' title='bbox 110 2041 222 2091; x_wconf 82' lang='grc' dir='ltr'><strong><em>κριὸσ</em></strong></span> <span class='ocrx_word' id='word_1_282' title='bbox 238 2044 266 2078; x_wconf 92' lang='grc' dir='ltr'>Ρ</span> <span class='ocrx_word' id='word_1_283' title='bbox 291 2049 326 2079; x_wconf 77' lang='lat' dir='ltr'><strong><em>et</em></strong></span> <span class='ocrx_word' id='word_1_284' title='bbox 350 2048 389 2078; x_wconf 81' lang='lat' dir='ltr'><strong><em>ut</em></strong></span> <span class='ocrx_word' id='word_1_285' title='bbox 412 2045 485 2078; x_wconf 87' lang='lat' dir='ltr'>uid.</span> <span class='ocrx_word' id='word_1_286' title='bbox 502 2044 550 2077; x_wconf 86' lang='lat' dir='ltr'><strong><em>L¹</em></strong></span> <span class='ocrx_word' id='word_1_287' title='bbox 574 2046 643 2089; x_wconf 74' lang='grc' dir='ltr'><strong><em>κρι]</em></strong></span> <span class='ocrx_word' id='word_1_288' title='bbox 665 2064 670 2069; x_wconf 95' lang='grc'>-</span> <span class='ocrx_word' id='word_1_289' title='bbox 691 2043 737 2080; x_wconf 71' lang='lat'><strong>‹¹20-</strong></span> <span class='ocrx_word' id='word_1_290' title='bbox 762 2051 834 2090; x_wconf 77' lang='grc' dir='ltr'><strong><em>(κρι</em></strong></span> <span class='ocrx_word' id='word_1_291' title='bbox 859 2044 991 2088; x_wconf 81' lang='lat' dir='ltr'><strong>suppl.)</strong></span> <span class='ocrx_word' id='word_1_292' title='bbox 1007 2043 1040 2076; x_wconf 93' lang='lat' dir='ltr'>A</span> <span class='ocrx_word' id='word_1_293' title='bbox 1065 2040 1192 2084; x_wconf 79' lang='grc' dir='ltr'><strong><em>δοκὸσ,</em></strong></span> <span class='ocrx_word' id='word_1_294' title='bbox 1219 2045 1286 2078; x_wconf 79' lang='grc' dir='ltr'><strong><em>ὄοκ</em></strong></span> <span class='ocrx_word' id='word_1_295' title='bbox 1310 2042 1331 2076; x_wconf 92' lang='lat' dir='ltr'><strong><em>i.</em></strong></span> <span class='ocrx_word' id='word_1_296' title='bbox 1358 2051 1428 2076; x_wconf 84' lang='lat' dir='ltr'><strong>ras.</strong></span> <span class='ocrx_word' id='word_1_297' title='bbox 1454 2053 1500 2076; x_wconf 92' lang='lat' dir='ltr'><strong><em>m.</em></strong></span> <span class='ocrx_word' id='word_1_298' title='bbox 1527 2045 1546 2075; x_wconf 85' lang='lat'>2</span> <span class='ocrx_word' id='word_1_299' title='bbox 1563 2041 1593 2075; x_wconf 90' lang='lat' dir='ltr'>L</span> <span class='ocrx_word' id='word_1_300' title='bbox 1619 2041 1771 2075; x_wconf 82' lang='lat' dir='ltr'><em>materia</em></span> 
     </span>
     <span class='ocr_line' id='line_1_34' title="bbox 108 2097 1668 2147; baseline -0.001 -14"><span class='ocrx_word' id='word_1_301' title='bbox 108 2099 178 2134; x_wconf 81' lang='lat' dir='ltr'><strong><em>Lat</em></strong></span> <span class='ocrx_word' id='word_1_302' title='bbox 298 2104 337 2135; x_wconf 88' lang='lat'><strong><em>10</em></strong></span> <span class='ocrx_word' id='word_1_303' title='bbox 368 2120 376 2126; x_wconf 91' lang='lat'><em>—</em></span> <span class='ocrx_word' id='word_1_304' title='bbox 392 2101 485 2137; x_wconf 83' lang='grc' dir='ltr'><strong><em>ἰστιῦ</em></strong></span> <span class='ocrx_word' id='word_1_305' title='bbox 508 2101 540 2136; x_wconf 94' lang='lat' dir='ltr'><strong>V</strong></span> <span class='ocrx_word' id='word_1_306' title='bbox 644 2100 744 2147; x_wconf 82' lang='grc' dir='ltr'><strong><em>νηὸς]</em></strong></span> <span class='ocrx_word' id='word_1_307' title='bbox 777 2099 875 2136; x_wconf 80' lang='grc' dir='ltr'><strong><em>νεώσ</em></strong></span> <span class='ocrx_word' id='word_1_308' title='bbox 900 2100 929 2134; x_wconf 90' lang='lat' dir='ltr'>L</span> <span class='ocrx_word' id='word_1_309' title='bbox 1034 2099 1281 2144; x_wconf 82' lang='grc' dir='ltr'><strong><em>παραπλησία</em></strong></span> <span class='ocrx_word' id='word_1_310' title='bbox 1307 2098 1393 2132; x_wconf 84' lang='lat' dir='ltr'><strong>Suid</strong></span> <span class='ocrx_word' id='word_1_311' title='bbox 1416 2100 1565 2140; x_wconf 85' lang='lat' dir='ltr'><strong>utroque</strong></span> <span class='ocrx_word' id='word_1_312' title='bbox 1588 2097 1668 2132; x_wconf 88' lang='lat' dir='ltr'>loco</span> 
     </span>
     <span class='ocr_line' id='line_1_35' title="bbox 108 2151 1770 2205; baseline -0.007 -9"><span class='ocrx_word' id='word_1_313' title='bbox 108 2157 321 2205; x_wconf 80' lang='grc' dir='ltr'><strong><em>ἐστόμωται</em></strong></span> <span class='ocrx_word' id='word_1_314' title='bbox 340 2169 384 2194; x_wconf 83' lang='lat' dir='ltr'><strong><em>ex</em></strong></span> <span class='ocrx_word' id='word_1_315' title='bbox 404 2158 621 2203; x_wconf 81' lang='grc' dir='ltr'><strong><em>ἐστωμαται</em></strong></span> <span class='ocrx_word' id='word_1_316' title='bbox 647 2168 738 2192; x_wconf 82' lang='lat' dir='ltr'>corr.</span> <span class='ocrx_word' id='word_1_317' title='bbox 757 2157 789 2191; x_wconf 89' lang='lat' dir='ltr'><strong>V</strong></span> <span class='ocrx_word' id='word_1_318' title='bbox 813 2154 1013 2201; x_wconf 77' lang='grc' dir='ltr'><strong><em>ἐστόμωτο</em></strong></span> <span class='ocrx_word' id='word_1_319' title='bbox 1031 2156 1095 2190; x_wconf 93' lang='lat' dir='ltr'><strong><em>AL</em></strong></span> <span class='ocrx_word' id='word_1_320' title='bbox 1166 2154 1213 2192; x_wconf 69' lang='grc' dir='ltr'><strong><em>δι’·</em></strong></span> <span class='ocrx_word' id='word_1_321' title='bbox 1235 2176 1238 2180; x_wconf 86' lang='grc'><em>·</em></span> <span class='ocrx_word' id='word_1_322' title='bbox 1259 2168 1355 2202; x_wconf 81' lang='grc' dir='ltr'><strong><em>κρον</em></strong></span> <span class='ocrx_word' id='word_1_323' title='bbox 1371 2155 1403 2189; x_wconf 94' lang='lat' dir='ltr'><strong>V</strong></span> <span class='ocrx_word' id='word_1_324' title='bbox 1476 2157 1513 2188; x_wconf 86' lang='lat'><strong><em>11</em></strong></span> <span class='ocrx_word' id='word_1_325' title='bbox 1541 2153 1604 2195; x_wconf 85' lang='grc' dir='ltr'><strong><em>εἰς]</em></strong></span> <span class='ocrx_word' id='word_1_326' title='bbox 1629 2151 1667 2195; x_wconf 81' lang='grc' dir='ltr'><strong><em>ἐς</em></strong></span> <span class='ocrx_word' id='word_1_327' title='bbox 1684 2152 1770 2186; x_wconf 84' lang='lat' dir='ltr'>Suid</span> 
     </span>
     <span class='ocr_line' id='line_1_36' title="bbox 110 2209 1769 2261; baseline -0.004 -10"><span class='ocrx_word' id='word_1_328' title='bbox 110 2223 258 2261; x_wconf 86' lang='lat' dir='ltr'><strong>utroque</strong></span> <span class='ocrx_word' id='word_1_329' title='bbox 281 2217 361 2251; x_wconf 86' lang='lat' dir='ltr'>loco</span> <span class='ocrx_word' id='word_1_330' title='bbox 431 2215 506 2259; x_wconf 81' lang='grc' dir='ltr'><strong><em>καὶ]</em></strong></span> <span class='ocrx_word' id='word_1_331' title='bbox 532 2226 600 2250; x_wconf 87' lang='lat' dir='ltr'><strong><em>om.</em></strong></span> <span class='ocrx_word' id='word_1_332' title='bbox 619 2215 754 2250; x_wconf 88' lang='lat' dir='ltr'>PAML</span> <span class='ocrx_word' id='word_1_333' title='bbox 779 2216 886 2249; x_wconf 77' lang='lat' dir='ltr'><em>etiam</em></span> <span class='ocrx_word' id='word_1_334' title='bbox 910 2214 980 2248; x_wconf 80' lang='lat' dir='ltr'><strong><em>Lat</em></strong></span> <span class='ocrx_word' id='word_1_335' title='bbox 1049 2211 1311 2260; x_wconf 80' lang='grc' dir='ltr'><strong><em>τετυπωμένῳ]</em></strong></span> <span class='ocrx_word' id='word_1_336' title='bbox 1335 2209 1536 2245; x_wconf 88' lang='lat' dir='ltr'><strong>AMLVRC</strong></span> <span class='ocrx_word' id='word_1_337' title='bbox 1563 2213 1598 2243; x_wconf 74' lang='lat' dir='ltr'><strong><em>et</em></strong></span> <span class='ocrx_word' id='word_1_338' title='bbox 1623 2220 1651 2243; x_wconf 87' lang='lat' dir='ltr'><strong><em>s.</em></strong></span> <span class='ocrx_word' id='word_1_339' title='bbox 1677 2221 1769 2256; x_wconf 80' lang='grc' dir='ltr'><strong><em>προ-</em></strong></span> 
     </span>
     <span class='ocr_line' id='line_1_37' title="bbox 110 2267 1769 2319; baseline -0.005 -11"><span class='ocrx_word' id='word_1_340' title='bbox 110 2271 203 2319; x_wconf 87' lang='grc' dir='ltr'><strong><em>τομή</em></strong></span> <span class='ocrx_word' id='word_1_341' title='bbox 228 2273 315 2308; x_wconf 81' lang='lat' dir='ltr'><strong>Suid</strong></span> <span class='ocrx_word' id='word_1_342' title='bbox 346 2272 613 2316; x_wconf 84' lang='grc' dir='ltr'><strong><em>τετυπωμένοσ</em></strong></span> <span class='ocrx_word' id='word_1_343' title='bbox 637 2271 826 2306; x_wconf 81' lang='lat' dir='ltr'>PLatSuid</span> <span class='ocrx_word' id='word_1_344' title='bbox 858 2281 886 2305; x_wconf 84' lang='lat' dir='ltr'><strong><em>s.</em></strong></span> <span class='ocrx_word' id='word_1_345' title='bbox 912 2267 1021 2316; x_wconf 77' lang='grc' dir='ltr'><strong><em>κριός</em></strong></span> <span class='ocrx_word' id='word_1_346' title='bbox 1157 2270 1439 2315; x_wconf 80' lang='grc' dir='ltr'><strong><em>καταιωρεῖται]</em></strong></span> <span class='ocrx_word' id='word_1_347' title='bbox 1465 2276 1509 2300; x_wconf 83' lang='lat' dir='ltr'><strong><em>ex</em></strong></span> <span class='ocrx_word' id='word_1_348' title='bbox 1531 2268 1769 2312; x_wconf 78' lang='grc' dir='ltr'><strong><em>κατεωρῆται</em></strong></span> 
     </span>
     <span class='ocr_line' id='line_1_38' title="bbox 109 2319 1769 2375; baseline -0.004 -11"><span class='ocrx_word' id='word_1_349' title='bbox 109 2340 199 2364; x_wconf 80' lang='lat' dir='ltr'>corr.</span> <span class='ocrx_word' id='word_1_350' title='bbox 226 2330 252 2363; x_wconf 92' lang='lat' dir='ltr'>P</span> <span class='ocrx_word' id='word_1_351' title='bbox 277 2326 495 2375; x_wconf 82' lang='grc' dir='ltr'><strong><em>κατεώρητο</em></strong></span> <span class='ocrx_word' id='word_1_352' title='bbox 522 2331 554 2364; x_wconf 93' lang='grc' dir='ltr'><strong>Α</strong></span> <span class='ocrx_word' id='word_1_353' title='bbox 578 2325 833 2374; x_wconf 81' lang='grc' dir='ltr'><strong><em>καταιιόρηται</em></strong></span> <span class='ocrx_word' id='word_1_354' title='bbox 859 2327 890 2361; x_wconf 92' lang='lat' dir='ltr'><strong>V</strong></span> <span class='ocrx_word' id='word_1_355' title='bbox 913 2323 1152 2372; x_wconf 77' lang='grc' dir='ltr'><strong><em>κιιτειόρηται</em></strong></span> <span class='ocrx_word' id='word_1_356' title='bbox 1178 2325 1209 2358; x_wconf 83' lang='lat' dir='ltr'><strong>R</strong></span> <span class='ocrx_word' id='word_1_357' title='bbox 1233 2322 1469 2371; x_wconf 79' lang='grc' dir='ltr'><strong><em>κατηώρηται</em></strong></span> <span class='ocrx_word' id='word_1_358' title='bbox 1495 2323 1520 2357; x_wconf 89' lang='lat' dir='ltr'>C</span> <span class='ocrx_word' id='word_1_359' title='bbox 1618 2324 1658 2356; x_wconf 87' lang='lat'><strong><em>12</em></strong></span> <span class='ocrx_word' id='word_1_360' title='bbox 1682 2319 1769 2359; x_wconf 81' lang='grc' dir='ltr'><strong><em>κάλ-</em></strong></span> 
     </span>
     <span class='ocr_line' id='line_1_39' title="bbox 109 2379 1655 2431; baseline -0.006 -9"><span class='ocrx_word' id='word_1_361' title='bbox 109 2389 191 2422; x_wconf 84' lang='grc' dir='ltr'><strong><em>λοισ</em></strong></span> <span class='ocrx_word' id='word_1_362' title='bbox 214 2386 244 2420; x_wconf 92' lang='lat' dir='ltr'>L</span> <span class='ocrx_word' id='word_1_363' title='bbox 359 2385 491 2431; x_wconf 80' lang='grc' dir='ltr'><strong><em>μέσοις</em></strong></span> <span class='ocrx_word' id='word_1_364' title='bbox 514 2385 600 2419; x_wconf 85' lang='lat' dir='ltr'>Suid</span> <span class='ocrx_word' id='word_1_365' title='bbox 624 2396 651 2420; x_wconf 84' lang='lat' dir='ltr'><strong><em>s.</em></strong></span> <span class='ocrx_word' id='word_1_366' title='bbox 677 2382 785 2430; x_wconf 84' lang='grc' dir='ltr'><strong><em>κριός</em></strong></span> <span class='ocrx_word' id='word_1_367' title='bbox 900 2396 922 2418; x_wconf 91' lang='grc' dir='ltr'><strong><em>σ</em></strong></span> <span class='ocrx_word' id='word_1_368' title='bbox 939 2402 945 2408; x_wconf 88' lang='grc'><em>·</em></span> <span class='ocrx_word' id='word_1_369' title='bbox 965 2388 1122 2426; x_wconf 75' lang='grc' dir='ltr'><strong><em>ταυροῖσ</em></strong></span> <span class='ocrx_word' id='word_1_370' title='bbox 1146 2382 1176 2415; x_wconf 93' lang='lat' dir='ltr'>L</span> <span class='ocrx_word' id='word_1_371' title='bbox 1297 2384 1334 2415; x_wconf 86' lang='lat'><strong><em>13</em></strong></span> <span class='ocrx_word' id='word_1_372' title='bbox 1368 2379 1600 2423; x_wconf 70' lang='grc' dir='ltr'><strong><em>ἕκατέροθεν</em></strong></span> <span class='ocrx_word' id='word_1_373' title='bbox 1623 2379 1655 2413; x_wconf 81' lang='lat' dir='ltr'>R</span> 
     </span>
     <span class='ocr_line' id='line_1_40' title="bbox 109 2434 1768 2489; baseline -0.004 -11"><span class='ocrx_word' id='word_1_374' title='bbox 109 2440 434 2489; x_wconf 75' lang='grc' dir='ltr'><strong><em>ὑπεστηριγμένης]</em></strong></span> <span class='ocrx_word' id='word_1_375' title='bbox 453 2441 492 2475; x_wconf 89' lang='grc' dir='ltr'>Μ</span> <span class='ocrx_word' id='word_1_376' title='bbox 508 2444 544 2476; x_wconf 83' lang='lat' dir='ltr'><strong><em>et</em></strong></span> <span class='ocrx_word' id='word_1_377' title='bbox 566 2451 594 2475; x_wconf 84' lang='lat' dir='ltr'><strong><em>s.</em></strong></span> <span class='ocrx_word' id='word_1_378' title='bbox 620 2438 795 2487; x_wconf 83' lang='grc' dir='ltr'><strong><em>προτομή</em></strong></span> <span class='ocrx_word' id='word_1_379' title='bbox 814 2440 899 2474; x_wconf 74' lang='lat' dir='ltr'>Suis]</span> <span class='ocrx_word' id='word_1_380' title='bbox 924 2438 1191 2485; x_wconf 80' lang='grc' dir='ltr'><strong><em>ἐστηριγμένησ</em></strong></span> <span class='ocrx_word' id='word_1_381' title='bbox 1215 2441 1269 2479; x_wconf 84' lang='grc'><strong><em>(-</em></strong></span> <span class='ocrx_word' id='word_1_382' title='bbox 1298 2449 1359 2473; x_wconf 88' lang='grc' dir='ltr'><strong><em>οισ</em></strong></span> <span class='ocrx_word' id='word_1_383' title='bbox 1376 2436 1415 2478; x_wconf 86' lang='lat' dir='ltr'><strong><em>C)</em></strong></span> <span class='ocrx_word' id='word_1_384' title='bbox 1433 2435 1526 2470; x_wconf 84' lang='lat' dir='ltr'><strong><em>VRC</em></strong></span> <span class='ocrx_word' id='word_1_385' title='bbox 1550 2434 1768 2482; x_wconf 79' lang='grc' dir='ltr'><strong><em>ὑπεστηριγ-</em></strong></span> 
     </span>
     <span class='ocr_line' id='line_1_41' title="bbox 108 2491 1632 2544; baseline -0.003 -10"><span class='ocrx_word' id='word_1_386' title='bbox 108 2499 238 2542; x_wconf 85' lang='grc' dir='ltr'><strong><em>μένοισ</em></strong></span> <span class='ocrx_word' id='word_1_387' title='bbox 261 2501 294 2533; x_wconf 90' lang='grc' dir='ltr'><strong>Α</strong></span> <span class='ocrx_word' id='word_1_388' title='bbox 323 2495 644 2544; x_wconf 75' lang='grc' dir='ltr'><strong><em>ὑπεστηριγμένοσ</em></strong></span> <span class='ocrx_word' id='word_1_389' title='bbox 668 2496 858 2531; x_wconf 80' lang='lat' dir='ltr'>PLatSuid</span> <span class='ocrx_word' id='word_1_390' title='bbox 890 2506 917 2530; x_wconf 88' lang='lat' dir='ltr'><strong><em>s.</em></strong></span> <span class='ocrx_word' id='word_1_391' title='bbox 950 2494 1057 2543; x_wconf 81' lang='grc' dir='ltr'><strong><em>κριός</em></strong></span> <span class='ocrx_word' id='word_1_392' title='bbox 1195 2495 1232 2531; x_wconf 79' lang='grc' dir='ltr'><strong><em>δὲ</em></strong></span> <span class='ocrx_word' id='word_1_393' title='bbox 1265 2505 1332 2529; x_wconf 87' lang='lat' dir='ltr'><strong><em>om.</em></strong></span> <span class='ocrx_word' id='word_1_394' title='bbox 1359 2493 1446 2528; x_wconf 81' lang='lat' dir='ltr'>Suid</span> <span class='ocrx_word' id='word_1_395' title='bbox 1469 2503 1497 2527; x_wconf 89' lang='lat' dir='ltr'><strong><em>s.</em></strong></span> <span class='ocrx_word' id='word_1_396' title='bbox 1522 2491 1632 2538; x_wconf 84' lang='grc' dir='ltr'><strong><em>κριός</em></strong></span> 
     </span>
     <span class='ocr_line' id='line_1_42' title="bbox 112 2547 1767 2599; baseline -0.003 -11"><span class='ocrx_word' id='word_1_397' title='bbox 112 2557 153 2588; x_wconf 89' lang='grc'><strong><em>14</em></strong></span> <span class='ocrx_word' id='word_1_398' title='bbox 180 2552 350 2590; x_wconf 81' lang='grc' dir='ltr'><strong><em>κατώπιν</em></strong></span> <span class='ocrx_word' id='word_1_399' title='bbox 375 2555 401 2589; x_wconf 87' lang='lat' dir='ltr'>C</span> <span class='ocrx_word' id='word_1_400' title='bbox 492 2551 607 2590; x_wconf 78' lang='grc' dir='ltr'><strong><em>πάλιν</em></strong></span> <span class='ocrx_word' id='word_1_401' title='bbox 635 2547 791 2599; x_wconf 67' lang='grc' dir='ltr'><strong><em>ἁθρόως</em></strong></span> <span class='ocrx_word' id='word_1_402' title='bbox 814 2556 860 2586; x_wconf 90' lang='lat' dir='ltr'><strong><em>tr.</em></strong></span> <span class='ocrx_word' id='word_1_403' title='bbox 887 2552 973 2587; x_wconf 83' lang='lat' dir='ltr'>Suid</span> <span class='ocrx_word' id='word_1_404' title='bbox 996 2556 1146 2595; x_wconf 81' lang='lat' dir='ltr'>utroque</span> <span class='ocrx_word' id='word_1_405' title='bbox 1170 2551 1249 2587; x_wconf 83' lang='lat' dir='ltr'>loco</span> <span class='ocrx_word' id='word_1_406' title='bbox 1344 2554 1384 2585; x_wconf 84' lang='lat'><strong><em>15</em></strong></span> <span class='ocrx_word' id='word_1_407' title='bbox 1408 2548 1712 2596; x_wconf 80' lang='grc' dir='ltr'><strong><em>ἐπιβριησάντων</em></strong></span> <span class='ocrx_word' id='word_1_408' title='bbox 1735 2551 1767 2583; x_wconf 95' lang='grc' dir='ltr'><strong>Α</strong></span> 
     </span>
     <span class='ocr_line' id='line_1_43' title="bbox 110 2601 1768 2657; baseline -0.004 -11"><span class='ocrx_word' id='word_1_409' title='bbox 110 2607 371 2657; x_wconf 77' lang='grc' dir='ltr'><strong><em>ἐμβρισοὲντων</em></strong></span> <span class='ocrx_word' id='word_1_410' title='bbox 386 2611 412 2645; x_wconf 89' lang='lat' dir='ltr'>C</span> <span class='ocrx_word' id='word_1_411' title='bbox 489 2610 767 2657; x_wconf 84' lang='grc' dir='ltr'><strong><em>προσανέχοντι</em></strong></span> <span class='ocrx_word' id='word_1_412' title='bbox 781 2608 856 2642; x_wconf 88' lang='lat' dir='ltr'><strong><em>PL¹</em></strong></span> <span class='ocrx_word' id='word_1_413' title='bbox 874 2611 910 2643; x_wconf 81' lang='lat' dir='ltr'><strong><em>et</em></strong></span> <span class='ocrx_word' id='word_1_414' title='bbox 927 2610 1077 2652; x_wconf 81' lang='lat' dir='ltr'>utroque</span> <span class='ocrx_word' id='word_1_415' title='bbox 1093 2610 1170 2642; x_wconf 85' lang='lat' dir='ltr'>loco</span> <span class='ocrx_word' id='word_1_416' title='bbox 1185 2607 1270 2642; x_wconf 86' lang='lat' dir='ltr'>Suid</span> <span class='ocrx_word' id='word_1_417' title='bbox 1365 2611 1404 2642; x_wconf 86' lang='grc'><strong><em>16</em></strong></span> <span class='ocrx_word' id='word_1_418' title='bbox 1424 2601 1523 2643; x_wconf 55' lang='grc' dir='ltr'><strong><em>οὕτω</em></strong></span> <span class='ocrx_word' id='word_1_419' title='bbox 1539 2606 1708 2642; x_wconf 84' lang='lat' dir='ltr'><strong>MLVRC</strong></span> <span class='ocrx_word' id='word_1_420' title='bbox 1733 2611 1768 2640; x_wconf 83' lang='lat' dir='ltr'><strong><em>et</em></strong></span> 
     </span>
     <span class='ocr_line' id='line_1_44' title="bbox 110 2663 1698 2709; baseline -0.001 -12"><span class='ocrx_word' id='word_1_421' title='bbox 110 2669 259 2709; x_wconf 83' lang='lat' dir='ltr'><strong>utroque</strong></span> <span class='ocrx_word' id='word_1_422' title='bbox 283 2667 362 2701; x_wconf 87' lang='lat' dir='ltr'>loco</span> <span class='ocrx_word' id='word_1_423' title='bbox 372 2665 458 2700; x_wconf 80' lang='lat' dir='ltr'>Suid</span> <span class='ocrx_word' id='word_1_424' title='bbox 531 2663 615 2707; x_wconf 75' lang='grc' dir='ltr'><strong><em>κοῖν]</em></strong></span> <span class='ocrx_word' id='word_1_425' title='bbox 639 2665 862 2699; x_wconf 86' lang='lat' dir='ltr'>PAMLSuid</span> <span class='ocrx_word' id='word_1_426' title='bbox 887 2667 950 2700; x_wconf 84' lang='grc' dir='ltr'><strong><em>καὶ</em></strong></span> <span class='ocrx_word' id='word_1_427' title='bbox 974 2665 1069 2699; x_wconf 86' lang='lat' dir='ltr'><strong><em>VRC</em></strong></span> <span class='ocrx_word' id='word_1_428' title='bbox 1098 2664 1132 2700; x_wconf 85' lang='grc' dir='ltr'><strong><em>εἰ</em></strong></span> <span class='ocrx_word' id='word_1_429' title='bbox 1153 2667 1216 2700; x_wconf 81' lang='grc' dir='ltr'><strong><em>καὶ</em></strong></span> <span class='ocrx_word' id='word_1_430' title='bbox 1241 2664 1395 2698; x_wconf 84' lang='lat' dir='ltr'><strong>Dindorf</strong></span> <span class='ocrx_word' id='word_1_431' title='bbox 1418 2674 1461 2698; x_wconf 82' lang='lat' dir='ltr'><strong><em>ex</em></strong></span> <span class='ocrx_word' id='word_1_432' title='bbox 1485 2664 1563 2699; x_wconf 88' lang='lat' dir='ltr'><strong>cod.</strong></span> <span class='ocrx_word' id='word_1_433' title='bbox 1588 2663 1631 2697; x_wconf 92' lang='lat' dir='ltr'><strong><em>L.</em></strong></span> <span class='ocrx_word' id='word_1_434' title='bbox 1656 2663 1698 2697; x_wconf 88' lang='lat' dir='ltr'><strong><em>B.</em></strong></span> 
     </span>
     <span class='ocr_line' id='line_1_45' title="bbox 115 2717 1766 2768; baseline 0.001 -15"><span class='ocrx_word' id='word_1_435' title='bbox 115 2722 151 2754; x_wconf 75' lang='lat'><strong><em>17</em></strong></span> <span class='ocrx_word' id='word_1_436' title='bbox 176 2718 318 2767; x_wconf 79' lang='grc' dir='ltr'><strong><em>ἐνέγκῃ]</em></strong></span> <span class='ocrx_word' id='word_1_437' title='bbox 344 2723 450 2757; x_wconf 80' lang='lat' dir='ltr'>Niese</span> <span class='ocrx_word' id='word_1_438' title='bbox 479 2720 643 2768; x_wconf 82' lang='grc' dir='ltr'><strong><em>ἐνεγκεῖν</em></strong></span> <span class='ocrx_word' id='word_1_439' title='bbox 667 2721 800 2756; x_wconf 85' lang='lat' dir='ltr'>PAML</span> <span class='ocrx_word' id='word_1_440' title='bbox 830 2721 977 2767; x_wconf 78' lang='grc' dir='ltr'><strong><em>ἐνέγκαι</em></strong></span> <span class='ocrx_word' id='word_1_441' title='bbox 1001 2721 1253 2756; x_wconf 82' lang='lat' dir='ltr'><strong>VRCDindorf</strong></span> <span class='ocrx_word' id='word_1_442' title='bbox 1359 2717 1580 2766; x_wconf 79' lang='grc' dir='ltr'><strong><em>κατισχύσαι</em></strong></span> <span class='ocrx_word' id='word_1_443' title='bbox 1605 2719 1643 2753; x_wconf 89' lang='grc' dir='ltr'>Μ</span> <span class='ocrx_word' id='word_1_444' title='bbox 1667 2732 1766 2755; x_wconf 86' lang='grc' dir='ltr'><strong><em>κατι·</em></strong></span> 
     </span>
     <span class='ocr_line' id='line_1_46' title="bbox 113 2773 1766 2824; baseline 0 -14"><span class='ocrx_word' id='word_1_445' title='bbox 113 2773 238 2820; x_wconf 79' lang='grc' dir='ltr'><strong><em>σχύσει</em></strong></span> <span class='ocrx_word' id='word_1_446' title='bbox 260 2777 512 2812; x_wconf 82' lang='lat' dir='ltr'><strong>VRCDindorf</strong></span> <span class='ocrx_word' id='word_1_447' title='bbox 532 2778 766 2822; x_wconf 69' lang='grc' dir='ltr'><strong><em>κατισχύσειε</em></strong></span> <span class='ocrx_word' id='word_1_448' title='bbox 791 2777 876 2811; x_wconf 87' lang='lat' dir='ltr'>Suid</span> <span class='ocrx_word' id='word_1_449' title='bbox 901 2782 1053 2822; x_wconf 88' lang='lat' dir='ltr'>utroque</span> <span class='ocrx_word' id='word_1_450' title='bbox 1076 2778 1155 2812; x_wconf 86' lang='lat' dir='ltr'>loco</span> <span class='ocrx_word' id='word_1_451' title='bbox 1270 2776 1460 2822; x_wconf 79' lang='grc' dir='ltr'><strong><em>ἐπιμονῆς]</em></strong></span> <span class='ocrx_word' id='word_1_452' title='bbox 1485 2775 1670 2824; x_wconf 81' lang='grc' dir='ltr'><strong><em>ἐπιβολῆσ</em></strong></span> <span class='ocrx_word' id='word_1_453' title='bbox 1694 2776 1766 2810; x_wconf 90' lang='lat' dir='ltr'><strong><em>MV</em></strong></span> 
     </span>
     <span class='ocr_line' id='line_1_47' title="bbox 113 2830 1765 2880; baseline -0.003 -8"><span class='ocrx_word' id='word_1_454' title='bbox 113 2832 176 2872; x_wconf 80' lang='grc' dir='ltr'><strong><em>ῖῆς</em></strong></span> <span class='ocrx_word' id='word_1_455' title='bbox 198 2832 271 2877; x_wconf 82' lang='grc' dir='ltr'><strong><em>γὰρ</em></strong></span> <span class='ocrx_word' id='word_1_456' title='bbox 295 2830 473 2879; x_wconf 78' lang='grc' dir='ltr'><strong><em>ἐπιμονῆς</em></strong></span> <span class='ocrx_word' id='word_1_457' title='bbox 496 2832 708 2880; x_wconf 75' lang='grc' dir='ltr'><strong><em>κρατούσης</em></strong></span> <span class='ocrx_word' id='word_1_458' title='bbox 730 2836 910 2878; x_wconf 75' lang='grc' dir='ltr'><strong><em>καθαιρεῖ</em></strong></span> <span class='ocrx_word' id='word_1_459' title='bbox 933 2830 978 2869; x_wconf 79' lang='grc' dir='ltr'><strong><em>τὰ</em></strong></span> <span class='ocrx_word' id='word_1_460' title='bbox 1006 2835 1109 2880; x_wconf 83' lang='grc' dir='ltr'><strong><em>τείχη</em></strong></span> <span class='ocrx_word' id='word_1_461' title='bbox 1134 2834 1237 2875; x_wconf 66' lang='lat' dir='ltr'><strong>Sum,</strong></span> <span class='ocrx_word' id='word_1_462' title='bbox 1268 2834 1328 2878; x_wconf 88' lang='lat' dir='ltr'><strong><em>qui</em></strong></span> <span class='ocrx_word' id='word_1_463' title='bbox 1352 2834 1410 2868; x_wconf 85' lang='lat' dir='ltr'><strong><em>hic</em></strong></span> <span class='ocrx_word' id='word_1_464' title='bbox 1433 2832 1512 2867; x_wconf 83' lang='lat' dir='ltr'><strong>finit</strong></span> <span class='ocrx_word' id='word_1_465' title='bbox 1607 2835 1647 2867; x_wconf 85' lang='lat'><strong><em>19</em></strong></span> <span class='ocrx_word' id='word_1_466' title='bbox 1673 2845 1765 2878; x_wconf 86' lang='grc' dir='ltr'><strong><em>προ-</em></strong></span> 
     </span>
     <span class='ocr_line' id='line_1_48' title="bbox 112 2886 1487 2933; baseline 0.001 -12"><span class='ocrx_word' id='word_1_467' title='bbox 112 2886 341 2929; x_wconf 74' lang='grc' dir='ltr'><strong><em>καθέζεσθαι</em></strong></span> <span class='ocrx_word' id='word_1_468' title='bbox 366 2887 393 2921; x_wconf 90' lang='lat' dir='ltr'>P</span> <span class='ocrx_word' id='word_1_469' title='bbox 509 2891 550 2923; x_wconf 84' lang='lat'><strong><em>20</em></strong></span> <span class='ocrx_word' id='word_1_470' title='bbox 576 2902 616 2925; x_wconf 87' lang='grc' dir='ltr'><strong><em>τε</em></strong></span> <span class='ocrx_word' id='word_1_471' title='bbox 641 2900 708 2924; x_wconf 89' lang='lat' dir='ltr'><strong><em>om.</em></strong></span> <span class='ocrx_word' id='word_1_472' title='bbox 734 2891 767 2924; x_wconf 94' lang='lat' dir='ltr'>A</span> <span class='ocrx_word' id='word_1_473' title='bbox 881 2893 918 2924; x_wconf 91' lang='grc'><strong><em>21</em></strong></span> <span class='ocrx_word' id='word_1_474' title='bbox 948 2888 1127 2932; x_wconf 79' lang='grc' dir='ltr'><strong><em>ἐξικνεῖτο</em></strong></span> <span class='ocrx_word' id='word_1_475' title='bbox 1154 2890 1200 2923; x_wconf 85' lang='lat' dir='ltr'><strong><em>L¹</em></strong></span> <span class='ocrx_word' id='word_1_476' title='bbox 1224 2888 1429 2933; x_wconf 79' lang='grc' dir='ltr'><strong><em>ἐξικνοῖντο</em></strong></span> <span class='ocrx_word' id='word_1_477' title='bbox 1455 2889 1487 2923; x_wconf 91' lang='lat' dir='ltr'><strong>V</strong></span> 
     </span>
    </p>
   </div>
   <div class='ocr_carea' id='block_1_8' title="bbox 1771 304 1895 347">
    <p class='ocr_par' dir='ltr' id='par_1_10' title="bbox 1771 304 1895 347">
     <span class='ocr_line' id='line_1_49' title="bbox 1771 304 1895 347; baseline 0 0"><span class='ocrx_word' id='word_1_478' title='bbox 1771 304 1782 316; x_wconf 77' lang='lat'><em>‘</em></span> <span class='ocrx_word' id='word_1_479' title='bbox 1814 308 1895 347; x_wconf 90' lang='grc'><strong><em>212</em></strong></span> 
     </span>
    </p>
   </div>
   <div class='ocr_carea' id='block_1_9' title="bbox 1811 647 1893 687">
    <p class='ocr_par' dir='ltr' id='par_1_11' title="bbox 1811 647 1893 687">
     <span class='ocr_line' id='line_1_50' title="bbox 1811 647 1893 687; baseline 0.024 -2"><span class='ocrx_word' id='word_1_480' title='bbox 1811 647 1893 687; x_wconf 85' lang='grc'><strong><em>213</em></strong></span> 
     </span>
    </p>
   </div>
   <div class='ocr_carea' id='block_1_10' title="bbox 1811 782 1893 821">
    <p class='ocr_par' dir='ltr' id='par_1_12' title="bbox 1811 782 1893 821">
     <span class='ocr_line' id='line_1_51' title="bbox 1811 782 1893 821; baseline 0 0"><span class='ocrx_word' id='word_1_481' title='bbox 1811 782 1893 821; x_wconf 84' lang='grc'><strong><em>214</em></strong></span> 
     </span>
    </p>
   </div>
   <div class='ocr_carea' id='block_1_11' title="bbox 1810 918 1892 958">
    <p class='ocr_par' dir='ltr' id='par_1_13' title="bbox 1810 918 1892 958">
     <span class='ocr_line' id='line_1_52' title="bbox 1810 918 1892 958; baseline 0.024 -2"><span class='ocrx_word' id='word_1_482' title='bbox 1810 918 1892 958; x_wconf 89' lang='grc'><strong><em>215</em></strong></span> 
     </span>
    </p>
   </div>
   <div class='ocr_carea' id='block_1_12' title="bbox 1808 1258 1891 1366">
    <p class='ocr_par' dir='ltr' id='par_1_14' title="bbox 1808 1258 1891 1366">
     <span class='ocr_line' id='line_1_53' title="bbox 1810 1258 1891 1298; baseline 0 -1"><span class='ocrx_word' id='word_1_483' title='bbox 1810 1258 1891 1298; x_wconf 90' lang='grc'><strong><em>217</em></strong></span> 
     </span>
     <span class='ocr_line' id='line_1_54' title="bbox 1808 1327 1889 1366; baseline 0.025 -2"><span class='ocrx_word' id='word_1_484' title='bbox 1808 1327 1889 1366; x_wconf 83' lang='grc'><strong><em>218</em></strong></span> 
     </span>
    </p>
   </div>
   <div class='ocr_carea' id='block_1_13' title="bbox 1807 1530 1888 1570">
    <p class='ocr_par' dir='ltr' id='par_1_15' title="bbox 1807 1530 1888 1570">
     <span class='ocr_line' id='line_1_55' title="bbox 1807 1530 1888 1570; baseline 0 -1"><span class='ocrx_word' id='word_1_485' title='bbox 1807 1530 1888 1570; x_wconf 83' lang='grc'><strong><em>219</em></strong></span> 
     </span>
    </p>
   </div>
  </div>
 </body>
</html>
