1987 3246
96 808 148 847 34

98 1077 149 1116 35

98 1548 149 1589 36

183 144 234 180 10
689 139 756 173 DE
781 139 940 173 BELLO
965 138 1060 173 IUD.
1086 139 1103 172 Ι
1127 141 1255 173 32—37
1285 142 1308 181 (Ι
1337 139 1435 184 1—3)

178 270 294 308 μεως
317 249 447 302 αὐτὸς
468 249 663 308 ὁρμήσας
683 250 760 307 τήν
783 267 830 292 τε
851 250 983 293 πόλιν
1007 250 1124 304 αἱρεῖ
1140 250 1249 293 κατὰ
1279 251 1436 305 κράτος
1466 251 1539 293 καὶ
1569 250 1683 292 πολύ
1717 250 1829 305 πλῆ-

178 325 264 370 θος
284 322 371 361 τῶν
393 319 659 373 Πτολεμαίῳ
680 317 986 370 προσεχόντων
1008 313 1190 372 ἀναιρεῖ,
1221 327 1318 368 ταῖς
1346 334 1394 360 τε
1425 315 1645 372 ἁρπαγαῖς
1676 312 1831 373 ἀνέδην

181 387 391 443 ἐπαφιεὶς
435 384 538 435 τοὺς
582 381 853 439 στρατιώτας
892 380 1022 434 αὐτὸς
1059 386 1132 427 καὶ
1170 383 1246 427 τὸν
1285 384 1389 427 ναὸν
1427 384 1608 440 ἐσύλησε
1645 385 1718 426 καὶ
1756 382 1831 425 τὸν

178 451 479 506 ἐνδελεχισμὸν
517 454 604 493 τῶν
641 447 749 493 καθ’
793 449 957 508 ἡμέραν
995 450 1237 507 ἐναγισμῶν
1275 451 1465 494 ἐ’παυσεν
1505 447 1579 493 ἐπ)
1624 450 1696 507 ἔτη
1728 453 1830 504 τρία

125 553 132 565 2
178 522 247 563 καὶ
288 522 427 574 μῆνας
466 519 522 569 ἕξ.
583 516 604 562 0‘
648 514 685 561 δ’
727 515 948 574 ἀρχιερεὺς
973 514 1119 568 Ὀνίας
1150 517 1263 574 πρὸς
1292 519 1572 572 Πτολεμαῖον
1605 515 1830 573 διαφυγών

178 589 247 630 καὶ
271 582 382 642 παρ’
417 582 548 629 αὐτοῦ
580 585 724 641 λαβών
754 585 893 628 τόπον
925 584 969 627 ἐν
999 582 1364 642 τῷἹῚλιοπολίτῃ
1396 587 1515 640 νομῷ
1546 585 1755 641 πολίχνην
1785 599 1832 626 τε

177 664 271 705 τοῖς
294 653 611 709 Ἱεροσολύμοις
642 649 968 709 ἀπεικασμένην
999 653 1069 694 καὶ
1103 650 1206 694 ναὸν
1238 652 1403 695 ἔκτισεν
1434 650 1606 705 ὅμοιον·
1637 653 1742 707 περὶ
1773 647 1832 693 ὦν

179 713 314 772 αὖθις
343 720 453 763 κατὰ
480 720 625 776 χώραν
657 720 922 777 δηλώσομεν.

294 803 332 842 2.
359 795 571 855 Ἀντιόχῳ
592 815 639 854 γε
659 797 743 854 μὴν
766 794 866 840 οὕτε
896 796 944 839 τὸ
977 792 1086 852 παρ’
1123 796 1284 839 ἐλπίδα
1313 799 1527 854 κρατῆσαι
1555 798 1630 853 τῆς
1660 796 1833 846 πόλεως

181 864 280 910 οὔτε
321 867 366 909 αἱ
398 864 592 923 ἁρπαγαὶ
624 868 693 909 καὶ
728 862 749 907 ὁ
781 866 991 914 τοσοῦτος
1023 863 1159 920 φόνος
1191 861 1383 920 ἤρκεσεν,
1423 861 1511 906 ὑπὸ
1546 863 1592 905 δὲ
1624 859 1835 917 ἀκρασίας

181 936 347 976 παθών
385 936 457 977 καὶ
487 932 597 976 κατὰ
628 932 798 989 μνήμην
829 928 888 974 ὦν
919 930 1040 985 παρὰ
1073 931 1149 988 τὴν
1189 932 1448 986 πολιορκίαν
1485 930 1657 973 ἔπαθεν
1704 926 1834 987 ἠνάγ-

181 1001 305 1052 καζεν
329 998 567 1050 Ἰουδαίους
603 999 931 1048 καταλύσαντας
965 997 1019 1039 τὰ
1050 998 1218 1051 πάτρια
1247 1001 1386 1054 βρέφη
1418 1014 1465 1039 τε
1496 993 1636 1041 αὐτῶν
1667 997 1835 1054 φυλάτ-

180 1085 270 1111 τειν
303 1064 580 1125 ἀπερίτμητα
609 1070 681 1110 καὶ
713 1070 789 1117 σῦς
820 1066 1025 1109 ἐπιθύειν
1055 1068 1117 1121 τῷ
1146 1068 1300 1120 βωμῷ·
1332 1063 1446 1118 πρὸς
1477 1063 1504 1106 ἃ
1536 1059 1728 1114 ἅπαντες
1757 1065 1835 1118 μὲν

179 1131 415 1192 ἠπείθουν,
448 1135 718 1192 ἐσφάττοντο
743 1135 788 1176 δὲ·
811 1134 852 1176 οἱ
875 1132 1179 1187 δοκιμώτατοι.
1229 1134 1301 1174 καὶ
1323 1132 1540 1188 Βακχίδης
1559 1129 1581 1174 ὁ
1605 1133 1836 1188 πεμφθεὶς

179 1200 267 1245 ὑπὸ
287 1199 515 1257 Ἀντιόχου
538 1202 823 1259 φρούραρχος,
855 1203 909 1257 τῇ
931 1202 1093 1257 φυσικῇ
1114 1198 1381 1253 προσλαβών
1402 1195 1597 1255 ὠμότητι
1617 1198 1671 1241 τὰ
1696 1195 1834 1256 ἀσεβῆ

180 1271 524 1325 παραγγέλματα
545 1273 826 1323 παρανομίας
856 1266 1064 1322 οὐδεμίαν
1095 1268 1326 1310 κατέλιπεν
1356 1264 1602 1323 ὑπερβολὴν
1631 1268 1703 1309 καὶ
1732 1262 1829 1308 κατ3

183 1334 319 1391 ἄνδρα
341 1336 443 1386 τοὺς
465 1333 718 1392 ἀξιολόγους
741 1336 1012 1389 αἰκιζόμενος
1031 1337 1104 1378 καὶ
1132 1336 1253 1390 κοινῇ
1282 1329 1391 1376 καθ’
1427 1332 1590 1389 ἡμέραν
1621 1332 1834 1376 ἐνδεικνύ-

181 1420 310 1458 μενος
349 1401 457 1459 ὅψιν
497 1401 702 1453 ἁλώσεως
732 1406 785 1459 τῇ
816 1403 959 1454 πόλει,
991 1406 1115 1456 μέχρι
1145 1411 1241 1451 ταῖς
1272 1398 1537 1455 ὑπερβολαῖς
1567 1403 1653 1443 τῶν
1685 1397 1834 1457 ἀδικη-

180 1471 330 1525 μάτων
361 1470 463 1520 τους
494 1471 745 1524 πάσχοντας
777 1470 839 1520 εἰς
869 1466 1033 1526 ἀμύνης
1062 1469 1228 1523 τόλμαν
1258 1465 1454 1525 ἠρέθισε.

296 1543 333 1582 3.
365 1542 587 1588 ΖΙῙατθίας
606 1540 708 1593 γοῦν
729 1536 823 1587 υἱὸς
840 1533 1149 1591 Ἀσαμωναίου
1173 1538 1259 1577 τῶν
1292 1537 1441 1590 ἱερέων
1473 1534 1535 1584 εἷς
1566 1530 1655 1577 ἀπὸ
1689 1534 1836 1591 κώμης

182 1606 390 1648 ῙΠωδεεὶν
421 1602 582 1659 ὄνομα,
625 1609 901 1654 συνασπίσας
931 1603 1040 1658 μετὰ
1069 1602 1214 1658 χειρὸς
1245 1603 1420 1654 οἰκείας,
1456 1605 1588 1644 πέντε
1616 1600 1698 1657 γὰρ
1728 1602 1837 1651 υἱεῖς

181 1663 291 1728 ἦσαν
332 1669 471 1728 αὐτῷ,
510 1677 689 1715 κοπίσιν
730 1669 904 1727 ἀναιρεῖ
938 1671 1014 1714 τὸν
1054 1671 1283 1727 Βακχίδην.
1343 1672 1415 1712 καὶ
1454 1671 1720 1725 παραχρῆμα
1758 1668 1835 1722 μὲν

183 1740 332 1790 δείσας
355 1739 402 1782 τὸ
436 1741 613 1797 πλῆθος
642 1742 727 1781 τῶν
759 1742 962 1796 φρουρῶν
994 1738 1056 1788 εἰς
1086 1738 1141 1780 τὰ
1172 1735 1250 1795 ὅρη
1281 1737 1563 1794 καταφεύγει·
1594 1751 1835 1791 προσγενο-

294 1917 804 1962 AMLVNCLatHegesippus
828 1917 844 1951 I
872 1921 885 1952 1
914 1928 948 1961 p.
976 1920 1007 1951 3.

296 1978 310 2008 1
338 1976 421 2018 post
446 1970 618 2020 ὁρμήσασ
643 1983 712 2007 ras.
739 1974 878 2007 circiter
903 1977 921 2006 5
947 1973 1015 2007 litt.
1041 1973 1079 2006 M
1183 1972 1277 2020 αἴρει.
1302 1973 1368 2008 AV
1392 1976 1427 2007 et
1451 1982 1494 2007 ex
1519 1982 1610 2006 corr.
1635 1971 1665 2005 L
1729 1967 1836 2011 πολὺ]

182 2028 279 2066 πολύ
303 2044 337 2065 τι
362 2029 489 2065 LVNC
582 2032 600 2062 2
627 2032 713 2070 τῶν]
739 2031 817 2064 τῶν
841 2032 895 2064 τῶ
921 2029 950 2063 V
1065 2030 1307 2072 πτολεμαίων
1330 2028 1425 2063 A¹C¹
1530 2024 1689 2074 ἀναιρεῖ]
1714 2023 1836 2063 α’νεϊλε

183 2085 311 2121 LVNC
429 2080 586 2131 οἷναίδην
609 2085 737 2119 L¹N¹O
829 2086 912 2129 post
936 2079 1069 2130 α’νέδην
1093 2095 1165 2119 ras.
1191 2084 1331 2118 circiter
1356 2088 1375 2118 6
1400 2084 1467 2119 litt.
1493 2084 1524 2118 V
1633 2087 1651 2118 3
1676 2081 1837 2127 έπαφεὶσ

183 2141 311 2177 LVNC
382 2145 402 2175 4
418 2138 688 2187 ένδελεχησμὸν
706 2146 739 2186 (η
757 2151 798 2174 ex
816 2155 827 2175 ι
845 2151 935 2174 corr.
953 2140 1057 2174 AML
1075 2151 1116 2174 ex
1134 2154 1154 2175 v
1179 2151 1270 2175 corr.
1288 2140 1328 2182 C)
1353 2140 1454 2174 codd.
1523 2142 1612 2180 τῶν]
1637 2136 1706 2174 τὸν
1721 2138 1770 2173 V¹

184 2197 414 2244 ἕναγιασμῶι
431 2197 484 2231 V¹
508 2195 702 2243 ἐναγ-σμιῦ
718 2196 762 2238 N,
786 2197 809 2231 i.
835 2206 942 2240 marg.
968 2199 1044 2232 τῶν
1067 2192 1162 2232 καθ’
1187 2194 1330 2242 ἡμέραν
1352 2194 1565 2242 ἐναγισμῶν
1587 2205 1680 2229 man.
1705 2196 1836 2229 recent.

184 2258 247 2289 aut
270 2254 444 2298 repictum
468 2253 499 2287 V
585 2257 604 2287 5
627 2255 689 2288 καὶ
717 2262 784 2287 om.
809 2253 847 2286 M
933 2252 970 2288 δὲ
996 2252 1122 2286 LVNC
1207 2255 1418 2296 πολεμαῖον
1441 2253 1474 2284 Α
1555 2254 1574 2285 6
1598 2247 1838 2297 ἡλιουπολίτη

184 2309 312 2345 LVNC
344 2311 380 2345 et
412 2319 455 2343 ex
487 2319 576 2344 corr.
602 2308 641 2342 M
671 2308 930 2353 heliopolitana
960 2308 1133 2352 (reyione)
1157 2307 1228 2341 Lat
1349 2305 1455 2351 νόμω
1481 2306 1511 2341 L
1542 2309 1713 2351 νομιῦ·(ο
1746 2316 1789 2340 ex
1815 2304 1836 2341 ό

186 2370 290 2409 corr.)
314 2366 346 2401 V
461 2369 478 2398 7
506 2364 726 2410 εἰκασμένην
750 2363 847 2398 LVN
964 2357 1099 2407 ὅμοιον
1123 2373 1190 2397 0111.
1216 2363 1285 2396 Lat
1398 2356 1463 2404 ὧν]
1491 2356 1534 2399 οὗ
1558 2361 1686 2397 LVNC
1711 2362 1838 2407 quibus

184 2423 255 2456 Lat
386 2424 404 2456 S
429 2419 525 2458 κατὰ
549 2419 691 2467 χώραν]
717 2420 797 2454 uide
820 2419 912 2453 infra
935 2419 1004 2454 VII
1028 2421 1089 2453 421
1108 2429 1148 2462 sq
1175 2422 1241 2461 (10,
1267 2421 1298 2460 2)
1429 2416 1654 2464 ὁηλώσωμεν
1677 2418 1710 2450 Α

186 2482 205 2513 9
223 2477 282 2521 τὸ]
309 2481 362 2514 τῶ
381 2479 413 2511 Α
487 2480 526 2510 10
552 2471 642 2512 οὔθ’
667 2476 694 2510 C
769 2471 988 2519 ἄκρασ-ιάσ
1011 2475 1044 2509 V
1115 2477 1153 2508 11
1180 2471 1296 2520 παρὰ]
1322 2473 1443 2508 Naber
1465 2476 1551 2519 περὶ
1576 2473 1677 2508 codd.
1701 2474 1739 2507 in
1763 2472 1832 2513 (ob-

185 2535 336 2577 sidione)
360 2534 431 2568 Lat
494 2535 534 2566 12
560 2535 612 2574 τε]
638 2545 677 2568 τε
702 2528 748 2568 τὰ
774 2531 948 2566 Destinon
1014 2533 1052 2565 13
1078 2527 1217 2571 πάντες
1240 2529 1294 2563 ed.
1319 2540 1372 2573 pr.
1439 2532 1478 2564 14
1501 2530 1524 2564 i.
1550 2539 1659 2572 marg.
1686 2526 1723 2564 δ’
1748 2528 1780 2562 V

191 2595 229 2624 15
253 2586 319 2626 ὑπ’
344 2589 473 2625 LVNC
565 2584 802 2635 παραλαβὼν
827 2587 853 2622 C
947 2590 986 2621 16
1012 2585 1237 2631 παρέλειπεν
1261 2584 1326 2619 LN
1351 2584 1555 2630 παρέλιπεν
1572 2584 1632 2619 VC
1657 2579 1836 2619 ἀπέλιπεν

186 2647 226 2680 L.
253 2646 407 2681 Dindorf
537 2648 575 2679 17
601 2646 843 2690 κοινῆ-(6188.
868 2646 892 2683 ι)
916 2642 948 2678 V
1080 2645 1118 2676 19
1143 2638 1231 2683 τοὺς
1255 2638 1484 2685 πάσχοντας]
1510 2639 1573 2684 qm·
1597 2639 1835 2685 capiebantur

185 2702 255 2735 Lat
395 2699 550 2745 τόλμαν]
577 2695 734 2746 τρόπον,
758 2700 779 2734 i.
804 2709 911 2742 marg.
936 2712 984 2745 γρ
1008 2695 1148 2744 τόλμην
1172 2697 1203 2731 V
1228 2694 1368 2742 τόλμην
1392 2695 1425 2730 N
1548 2698 1590 2730 20
1614 2696 1835 2740 ματγαθίασ

185 2757 232 2798 (h.
259 2767 289 2790 e.
324 2758 555 2801 ματταθίασ)
588 2756 664 2791 cod.
690 2756 789 2800 Lips.
820 2755 1039 2790 mathathias
1063 2754 1133 2788 Lat
1155 2753 1232 2795 Heg
1369 2748 1389 2788 ὃ
1415 2749 1500 2788 υὲὸσ
1523 2753 1556 2785 Α
1693 2746 1835 2794 οἷσαμο-

184 2814 300 2857 μαίου
324 2812 371 2847 V¹
464 2815 502 2846 21
530 2809 680 2856 μωδεὴμ
704 2812 737 2844 Α
759 2813 932 2855 μωδεεὶμ,
958 2823 989 2846 ει
1014 2820 1056 2844 ex
1080 2824 1101 2855 η
1126 2819 1217 2843 corr.
1242 2808 1274 2842 V
1299 2807 1439 2843 modain
1463 2808 1533 2843 Lat
1636 2809 1678 2840 22
1702 2808 1835 2853 βακχί-

186 2872 240 2905 ὄϊν
264 2869 297 2902 Α
389 2870 430 2902 23
454 2865 695 2914 καταφεύγει]
720 2864 846 2913 φεύγει
871 2866 969 2901 LVN

1866 872 1902 904 10

1868 1209 1903 1240 15

1867 1544 1903 1576 20
