2039 3251
87 902 121 934 10

87 1241 123 1273 15

86 1578 122 1610 20

551 171 617 205 DE
643 171 803 206 BELLO
829 171 925 207 IUD.
952 172 984 207 V
1009 174 1186 206 548-553
1212 175 1286 215 (xm
1315 178 1342 203 -1.
1371 176 1403 216 5)
1732 172 1811 207 509

148 284 324 343 ἐπήδων
345 287 521 338 ταχέως,
555 285 596 327 οἱ
620 285 665 327 δὲ
688 284 921 337 προϊόντες
943 282 1002 335 ιῦς
1024 284 1098 327 ἐπὶ
1120 286 1232 342 μάχῃ
1257 285 1368 339 μετὰ
1397 285 1625 340 χερμάδιον
1656 285 1812 328 ἔπειτα

148 352 261 407 πρὸς
292 351 393 402 τοῖς
419 349 657 406 Ῥωμαίους
687 352 884 409 ἔφευγον.
937 357 1169 395 συνείπετο
1194 354 1239 396 δὲ
1261 354 1435 403 τούτοις
1455 353 1557 410 τύχη
1588 355 1676 395 τῶν
1707 353 1813 395 ε’ίσω

145 422 447 474 χαλεπωτέρα,
479 422 548 462 καὶ
573 422 650 462 τοῦ
672 419 795 474 παρὰ
819 424 947 475 σφίσι
976 421 1104 474 λιμοῦ
1128 421 1448 475 συντονώτερον
1481 416 1678 474 εὕρισκον
1702 420 1815 475 πρὸς

150 485 341 541 ὄλεθρον
371 486 447 529 τὸν
479 486 602 542 παρὰ
632 485 860 541 Ῥωμαίοις
890 486 1032 543 κόρον.
1085 493 1374 543 παρεγίνοντο
1406 489 1484 543 μὲν
1510 487 1590 544 γὰρ
1615 485 1705 531 ἀπὸ
1738 491 1816 545 τῆς
1848 490 1927 529 549

151 555 319 605 ἐνδείας
340 558 644 611 ιἰἐφυσηχιιένοι
666 556 736 597 καὶ
760 551 911 609 ὥσπερ
933 552 1257 611 ὑδρωπιιιῖντες,
1292 556 1448 598 ἔπειτα
1472 553 1654 610 ἀθρόως
1675 565 1816 606 κενοῖς

149 620 595 677 ’ὑπερεμπιπλάμενοι
619 632 712 673 τοῖς
734 622 936 677 σώμασιν
968 622 1225 679 ἐρρήγνυντο
1248 623 1363 679 πλὴν
1384 626 1471 666 τῶν
1494 621 1552 666 δι’
1581 623 1816 677 ἐμπειρίαν

150 694 510 745 ταμιευσαμένων
548 690 627 740 τὰς
666 686 833 744 ὀρέξεις
869 693 943 733 καὶ
982 687 1080 732 κατ’
1126 687 1275 746 ὀλίγον
1315 694 1608 745 προσθέντων
1647 690 1816 748 τροφὴν

153 754 462 814 ἀπειθισμένῳ
501 761 562 813 τῷ
604 755 777 812 σώματι
816 762 981 814 φέρειν.
1046 760 1119 800 καὶ
1159 757 1262 808 τοὺς
1301 754 1415 801 οἵτω
1457 760 1503 801 δὲ
1543 759 1814 813 σωζομένους
1847 762 1928 801 550

152 824 308 880 ἑτέρα
298 825 440 883 πληγὴ
463 826 786 881 μετελάμβανε·
817 827 903 867 τῶν
923 824 1005 881 γὰρ
1028 825 1151 881 παρὰ
1176 835 1270 876 τοῖς
1292 827 1450 881 Σύροις
1471 844 1538 877 τις
1562 824 1818 881 αύτομόλωι

152 895 357 949 φωρᾶται
379 896 465 935 τιῦν
493 897 585 971 τῆς3
590 893 780 950 γαστρὸς
811 893 1015 948 λυμάτων
1043 896 1230 948 χρυσοῦς
1261 893 1465 949 εκλέγων·
1499 898 1819 943 καταπίνοντες

153 961 212 1007 δε,
244 958 302 1010 ὡς
324 978 503 1018 εφαμεν,
537 978 694 1011 αυτους
721 976 960 1018 προῃεσαν,
994 960 1148 1018 ἐπειδη
1184 961 1421 1019 διηρεύνων
1453 961 1625 1011 πάντας
1648 979 1686 1004 οι
1713 977 1819 1003 στα-

153 1033 355 1080 σιασταί,
394 1030 467 1071 καὶ
506 1028 620 1071 πολυ
661 1030 839 1085 πλῆθος
869 1026 920 1083 ἠν
953 1046 996 1071 εν
1032 1031 1085 1085 τῇ
1115 1029 1247 1072 πόλει
1283 1031 1468 1086 χρυσοῦ·
1511 1029 1679 1072 δώδεκα
1717 1031 1819 1084 γοῦν

148 1095 358 1138 Ἀττικῶν
390 1092 580 1139 ὠνοῦντο
611 1096 830 1151 πρότερον
863 1096 1091 1150 ἰσχύοντας
1121 1100 1254 1139 πέντε
1282 1099 1354 1140 καὶ
1387 1097 1564 1140 εἴκοσιν.
1617 1093 1728 1138 ἀλλά
1749 1114 1817 1139 τοι
1851 1100 1927 1138 551

150 1165 228 1219 τῆς
268 1162 470 1214 ἐπινοίας
509 1163 790 1221 ἐλεγχθείσης
830 1160 890 1207 δι’
934 1163 1030 1214 ἑνὸς
1071 1161 1420 1219 ἀναπίμπλαται
1457 1165 1536 1219 μὲν
1576 1164 1724 1222 φήμης
1764 1164 1819 1206 τὰ

153 1231 454 1287 στρατόπεδα,
488 1229 547 1282 ὡς
576 1234 728 1286 μεστοὶ
758 1236 939 1286 χρυσίου
976 1241 1159 1288 παρεῖεν
1193 1234 1235 1275 οἱ
1269 1229 1530 1287 αὐτόμολοι,
1573 1231 1620 1275 τὸ
1656 1233 1702 1274 δὲ
1733 1234 1820 1275 τῶν

147 1294 346 1355 Ἀράβων
383 1301 561 1357 πλῆθος
592 1303 663 1343 καὶ
696 1300 738 1342 οἱ
769 1299 903 1353 Σύροι
941 1299 1044 1349 τοὺς
1087 1301 1231 1350 ἱκέτας
1273 1297 1588 1355 ἀνατέμνοντες
1627 1296 1820 1356 ἠρεύνων

150 1365 229 1416 τὰς
249 1370 476 1422 γαστέρας.
527 1369 599 1410 καὶ
621 1367 778 1410 τούτου
800 1370 878 1410 τοῦ
899 1366 1081 1417 πάθους
1112 1364 1238 1410 οὐδὲν
1271 1368 1419 1423 ἔμοιγε
1451 1368 1569 1411 δοκεῖ
1600 1369 1816 1424 συμβῆναι
1851 1370 1932 1410 552

145 1428 376 1484 Ἰουδαίοις
410 1435 741 1490 χαλεπώτερον·
782 1437 863 1492 μιᾷ
903 1437 1006 1490 γοῦν
1047 1432 1378 1492 ἀνεσχίσθησαν
1422 1437 1539 1478 νυκτὶ
1577 1434 1692 1489 πρὸς
1724 1435 1820 1477 δισ-

147 1502 328 1554 χιλίους.

267 1573 304 1611 5.
337 1570 425 1611 Καὶ
455 1568 583 1624 γνοὺς
613 1569 691 1623 τὴν
723 1574 1005 1624 παρανομίαν
1033 1574 1164 1620 Τίτος
1195 1566 1346 1625 ὀλίγου
1376 1570 1455 1623 μὲν
1487 1570 1638 1627 ἐδέησε
1668 1569 1716 1612 τὸ
1744 1571 1819 1613 ἷπ-
1853 1573 1934 1612 553

265 1702 572 1738 PAMLVRCLat
584 1704 806 1747 Hegesippus
823 1703 855 1737 V
881 1706 923 1737 24
940 1714 975 1747 p.
996 1706 1073 1739 330.
1111 1704 1270 1739 Zonaras
1288 1705 1305 1738 Ι
1322 1715 1355 1748 p.
1376 1707 1454 1739 534.
1493 1705 1735 1741 ExcPeiresc.

268 1762 279 1793 1
308 1756 469 1804 ἐπήὸουν
492 1760 519 1794 Ρ
544 1758 698 1796 ε’πίδουν
722 1761 771 1794 Α1
893 1761 1049 1806 ταχέως]
1077 1755 1224 1797 esdad-wo
1249 1761 1279 1795 L
1313 1758 1545 1807 ἔπειταχέωσ
1571 1759 1664 1803 (ἔπει
1691 1763 1822 1799 deleuit

150 1826 196 1850 m.
223 1817 254 1857 2)
279 1816 311 1850 V
334 1816 456 1850 statim
480 1816 568 1858 Lat3
593 1821 657 1851 aut
681 1817 843 1860 spurium
865 1820 929 1851 aut
954 1820 1162 1861 corruptum
1188 1817 1261 1853 uid.
1350 1818 1568 1865 προιώντεσ
1593 1819 1619 1853 C
1700 1817 1824 1865 μάχην

150 1871 257 1906 LZon
328 1874 347 1906 2
366 1869 454 1914 τοὺς
471 1883 538 1907 om.
556 1872 585 1907 L
655 1872 891 1918 κατέφευγον
907 1873 983 1907 Zon
1053 1875 1266 1915 συνείπετο]
1285 1871 1412 1910 εἵπετο
1433 1874 1470 1908 Μ
1541 1875 1591 1917 δὲ]
1616 1872 1651 1911 δ’
1668 1875 1710 1912 ἐν
1727 1875 1756 1909 L

153 1930 171 1961 3
197 1929 316 1973 σφίσι]
340 1929 422 1974 φίσι
448 1928 491 1963 0¹
607 1923 898 1975 συντομώτερον
923 1929 952 1962 L
979 1929 1195 1965 uelociorem
1221 1930 1293 1964 Lat
1399 1926 1578 1977 ηύρισκον
1602 1931 1679 1972 (sic)
1705 1931 1734 1965 L

152 1983 250 2029 πρὸς
268 1982 446 2031 ὄλεθρον]
465 1984 509 2020 τὸ
529 1984 633 2031 πρὸσ
651 1982 818 2031 ὄλεθρον
837 1980 967 2031 ὀλίγον
988 1985 1017 2019 L
1096 1990 1117 2020 4
1142 1984 1216 2033 γὰρ
1235 1998 1262 2021 S.
1281 1987 1313 2019 A
1384 1989 1402 2019 5
1422 1984 1681 2032 ῖτδροπιῶντεσ
1698 1987 1755 2022 PC

152 2036 310 2087 οἷθρόως
335 2051 403 2075 om.
430 2041 501 2076 Lat
597 2044 735 2083 κενοῖς]
760 2044 904 2077 καινῶσ
927 2042 958 2076 L
1065 2046 1084 2077 6
1108 2039 1437 2087 ὑπεμπιπλάμενοι
1462 2043 1490 2077 Ρ
1516 2040 1823 2091 ὓπερεμπιμπλά-

152 2109 260 2140 μενοι
283 2097 317 2132 V
340 2097 520 2142 replentes
543 2097 613 2131 Lat
731 2095 879 2142 σώμασι
906 2098 937 2132 R
1044 2096 1246 2145 ἐμπειρίασ
1270 2098 1300 2132 L
1395 2101 1413 2133 8
1440 2095 1722 2144 α’πειθισμένων
1747 2101 1823 2136 PA¹

153 2149 397 2199 οἷπηθισμένω
422 2152 488 2188 LR
579 2156 599 2188 9
626 2151 778 2196 Σύροις]
803 2151 940 2200 πύροισ
965 2153 997 2188 R
1090 2149 1318 2198 αὐτομόλων
1342 2157 1404 2190 τίσ
1427 2159 1470 2190 tr.
1499 2156 1527 2190 L
1648 2161 1686 2191 10
1712 2171 1824 2193 κατα-

153 2208 307 2251 πιόντες
330 2209 548 2244 Herwerden
646 2213 682 2245 11
710 2210 762 2251 δὲ]
787 2209 861 2256 γὰρ
886 2210 923 2244 Μ
950 2208 985 2245 δ’
1012 2210 1041 2244 L
1114 2206 1255 2246 αὑτοὺσ
1280 2206 1337 2246 ὠσ
1361 2209 1506 2257 ἔφαμεν
1530 2215 1575 2246 tr.
1603 2212 1630 2247 C
1699 2212 1823 2260 ἐπειδὴ

154 2262 368 2312 διηρεύνων]
396 2265 502 2300 Niese
526 2270 720 2310 praeeunte
737 2266 933 2300 Destinone
957 2262 1082 2311 ἐπειδὴ
1108 2262 1324 2312 ἀνηρεύνων
1348 2267 1480 2303 PAMC
1504 2267 1585 2304 ἐπεὶ
1611 2265 1646 2304 δ’
1672 2270 1723 2310 (δὲ
1748 2270 1826 2307 VR»

154 2317 370 2368 οἷνηρεύνων
394 2321 494 2357 LVR
518 2321 923 2367 quim—scrutabantur
946 2321 1017 2356 Lat
1040 2323 1127 2367 quia
1147 2343 1187 2347 -—
1204 2324 1531 2368 perscrutabantur
1550 2326 1626 2368 Heg
1650 2324 1731 2362 ἐπεὶ
1756 2331 1826 2374 διη-

157 2375 299 2424 ρεύνων
324 2378 498 2413 Destinon
613 2377 772 2420 πάντας]
798 2378 918 2412 omnia
943 2377 1020 2421 Heg
1161 2382 1201 2413 13
1228 2375 1360 2416 άττικὰ
1387 2380 1494 2416 MVR
1631 2380 1826 2431 πρότερον

156 2431 355 2479 ἰσχύοντας
385 2433 495 2470 πέντε
526 2436 590 2469 καὶ
624 2432 777 2476 εἴκοσιν]
811 2433 1005 2480 πρότερον
1036 2432 1216 2480 ἰσχύοντα
1251 2436 1363 2472 πέντε
1394 2437 1524 2477 (πε-’ντα
1548 2438 1599 2480 Μ)
1631 2442 1694 2475 καὶ
1728 2439 1826 2476 εἷ’κο·

156 2501 215 2524 σιν
238 2489 345 2524 MVR
369 2489 415 2526 τὰ
442 2487 646 2535 πρότερων
670 2490 748 2531 (sic)
773 2487 952 2535 ἰσχύοντα
979 2489 1090 2527 πέντε
1115 2493 1179 2526 καὶ
1205 2489 1348 2528 εἴκοσιν
1375 2493 1400 2528 G
1426 2494 1524 2539 quod
1555 2499 1664 2530 antea
1695 2496 1828 2541 uiqintc'

157 2590 314 2634 quinque
337 2590 483 2626 ualebat
507 2591 594 2636 Lat3
619 2591 665 2627 cf.
691 2592 741 2626 VI
767 2595 829 2627 317
857 2594 940 2634 (6,1)
1036 2595 1078 2625 14
1101 2562 1324 2640 gli-{HEL'OYJG
1348 2596 1379 2627 A
1462 2593 1724 2632 ἀναπίπλαται
1750 2597 1826 2631 A¹C

158 2640 414 2692 ἀναπίμπλησι
438 2646 469 2680 L
607 2643 894 2692 ἀναπίμπλαται
920 2667 962 2672 -
992 2650 1029 2681 15
1056 2647 1313 2694 στρατόπεδα]
1341 2651 1425 2685 totis
1450 2653 1584 2686 castris
1604 2653 1710 2697 fama
1738 2664 1825 2699 per-

158 2701 295 2736 crebuit
313 2702 386 2737 Lat
409 2699 531 2748 φήμης
556 2704 755 2749 γεγονυίας
780 2703 832 2745 εἰς
856 2703 900 2739 τὸ
927 2701 1193 2750 στρατόπεδον
1209 2706 1287 2740 Zon
1358 2704 1490 2753 φήμης]
1515 2708 1702 2743 Holwerda
1726 2707 1827 2754 φήμη

161 2755 218 2791 εἰσ
242 2757 342 2794 codd.
461 2763 499 2793 15
528 2759 575 2801 οἳ]
601 2760 721 2802 LZon,
747 2769 815 2794 om.
842 2759 1041 2794 PAMVRC
1170 2764 1209 2796 16
1237 2761 1274 2798 οἳ
1299 2761 1431 2808 Σύροι]
1456 2764 1633 2807 incipiunt
1656 2764 1736 2798 Exc

162 2809 295 2853 ἱκέτας]
323 2813 476 2851 οἰκέτασ
499 2816 639 2851 LCExc
730 2811 905 2861 ἦραύνων
931 2815 978 2850 V²
1002 2812 1182 2862 ἠρεύνων,
1208 2831 1249 2854 ευ
1273 2818 1295 2854 i.
1322 2829 1393 2854 ras.
1412 2830 1457 2854 m.
1479 2823 1496 2854 2
1513 2820 1543 2854 R
1642 2825 1679 2855 17
1708 2817 1827 2862 οὐδὲν]

162 2876 192 2900 S.
217 2868 248 2900 A
273 2877 340 2904 om.
365 2869 395 2903 L
512 2873 638 2907 δοκεῖν
661 2871 758 2906 VRC
876 2874 916 2905 18
942 2867 1153 2918 άνέσχησαν
1177 2873 1257 2908 Exc
1373 2873 1472 2921 πρὸς
1496 2878 1708 2921 δισχιλίους]
1734 2874 1827 2921 ῧπὲρ

163 2925 388 2968 τρισχιλίους
411 2925 487 2961 Zon
580 2931 621 2962 20
652 2929 773 2970 Τίτος]
804 2929 954 2973 Καῖσαρ
980 2928 1134 2964 Dindorf
1155 2939 1199 2963 ex
1225 2931 1304 2966 cod.
1331 2931 1372 2967 L.
1391 2933 1432 2966 Β.
1526 2931 1586 2977 τὸ]
1612 2930 1682 2968 τὸν
1706 2932 1736 2966 L
