2039 3282
819 180 1009 214 Praefatio.
1645 175 1744 209 XLV

81 314 172 353 nus,
205 312 329 353 quem
351 311 445 341 cum
467 297 593 339 etiam
623 300 759 338 aetate
792 308 990 348 superare
1022 294 1228 346 uideatur,
1262 292 1439 333 fortasse
1471 291 1620 332 melius
1654 296 1741 331 erat

82 368 192 409 hunc
212 368 352 420 potius
381 365 436 407 ad
467 368 651 406 nostram
684 363 911 405 editionem
942 360 1160 414 adhibere,
1193 373 1317 413 quam
1350 359 1480 400 illum.
1532 356 1607 399 sed
1640 370 1740 410 quo—

81 437 195 476 niam
217 435 430 475 Romanus
461 433 639 475 collatus
673 435 773 484 erat,
805 435 1030 482 antequam
1063 427 1297 482 Lipsiensis
1328 425 1562 468 accuratius
1596 425 1740 478 explo-

81 506 255 554 raretur,
277 502 319 542 in
342 501 415 542 illo
437 500 707 552 acquiescere
731 500 864 540 uisum
889 503 971 550 θεῖ,
994 510 1090 537 nam
1115 501 1334 547 utrumque
1357 494 1545 547 recipere
1568 493 1741 533 nimium

82 573 182 611 erat.
235 569 353 610 multi
376 581 477 610 uero
508 568 590 609 loci
623 582 675 609 ex
698 566 907 620 Lipsiensi
941 563 1130 616 excerpti
1161 566 1266 613 sunt,
1300 565 1340 602 ct
1371 560 1576 613 imprimis
1608 559 1741 601 sicubi

81 637 294 678 Romanus
317 640 389 677 aut
417 639 626 677 correctus
660 639 749 676 erat
779 638 851 675 aut
881 632 1032 673 dubius
1065 630 1138 671 illc
1169 630 1381 681 inspectus
1414 632 1488 679 est,
1522 631 1563 668 ct
1594 627 1627 668 si
1661 640 1742 679 qua

80 704 188 746 forte
227 704 396 757 grauior
434 702 476 744 in
515 716 564 744 eo
601 703 740 744 extitit
779 699 1065 753 discrepantia
1099 696 1308 749 apposita.
1361 708 1489 747 quare
1522 695 1594 735 uix
1627 695 1739 747 quic-

81 784 208 823 quam
239 771 397 824 fugisse
429 770 608 823 uidetur,
641 769 753 823 quod
786 768 957 822 quidem
988 765 1166 807 alieuius
1199 763 1252 804 sit
1283 762 1496 803 momenti.

196 838 456 880 Correcturis
497 842 537 880 et
575 836 884 879 adnotamentis
917 837 1086 876 ornatus
1118 835 1181 873 est
1211 829 1445 883 Lipsiensis
1477 829 1530 870 ab
1564 828 1741 871 homini-

83 905 158 947 bus
179 906 325 957 tribus,
358 918 535 958 quorum
556 906 715 958 primus
738 918 820 945 non
842 903 973 944 multa
995 899 1178 942 correxit
1199 910 1297 939 usus
1327 902 1369 937 ut
1402 896 1567 938 uidetur
1597 896 1741 938 archc-

82 978 183 1026 typo
204 973 318 1026 ipso3
345 974 398 1014 ab
422 972 501 1015 hoc
522 974 718 1027 suppleta
740 976 802 1013 est
824 970 919 1011 libri
940 968 1003 1009 III
1025 967 1188 1019 lacuna,
1212 965 1265 1007 de
1288 978 1371 1017 qua
1393 978 1519 1017 supra
1542 964 1599 1017 (p.
1622 964 1742 1012 XIII)

82 1040 239 1081 dictum
286 1043 360 1081 cst.
429 1041 583 1081 deinde
629 1039 837 1092 permulta
881 1036 1022 1077 intulit
1060 1032 1302 1076 emendauit
1341 1031 1557 1086 suppleuit
1595 1045 1743 1072 manus

81 1106 280 1158 secunda,
313 1106 449 1149 codici
471 1108 552 1161 ipsi
575 1111 619 1148 ut
640 1106 806 1148 uidetur
826 1108 966 1146 aetate
989 1115 1158 1155 suppar,
1192 1112 1321 1153 quare
1343 1099 1577 1141 litterarum
1600 1099 1742 1152 specie

81 1187 108 1214 a
146 1174 286 1226 priore
326 1187 454 1228 saepe
494 1175 567 1215 uix
606 1173 788 1216 discerni
829 1175 968 1225 potest
987 1172 1030 1221 ¹).
1087 1181 1195 1222 quae
1235 1181 1311 1210 usa
1342 1171 1406 1209 est
1436 1165 1584 1208 codice
1615 1166 1743 1207 simili

81 1240 275 1282 Vrbinati
306 1241 367 1291 (C)
406 1242 587 1294 aliisque
628 1240 816 1283 eiusdem
855 1239 1063 1290 familiae3
1104 1250 1198 1278 cum
1240 1235 1305 1277 his
1338 1235 1464 1287 igitur
1495 1234 1744 1287 plerumque

82 1309 291 1350 consentit
318 1309 552 1363 Lipsiensis
592 1321 739 1350 manus
781 1306 979 1349 secunda.
1037 1317 1184 1346 manus
1217 1303 1340 1344 tertia
1371 1302 1531 1344 saeculi
1563 1305 1626 1343 est
1656 1301 1745 1342 fere

81 1375 174 1429 XV,
206 1389 314 1429 quae
336 1376 507 1429 quidem
529 1375 700 1429 Iosephi
724 1375 854 1417 uerba
876 1375 949 1416 uix
970 1373 1124 1426 attigit.
1177 1371 1360 1424 denique
1383 1368 1543 1412 codicis
1565 1369 1669 1411 folia
1692 1369 1744 1408 23

81 1443 237 1496 prima,
285 1457 392 1496 quae
429 1444 597 1486 amissis
638 1442 851 1485 ueteribus
891 1446 1041 1495 postea
1080 1439 1268 1494 reposita
1306 1442 1401 1480 sunt
1417 1439 1461 1489 2),
1508 1449 1559 1478 ex
1600 1436 1744 1489 aliquo

81 1511 247 1563 generis
280 1510 311 1552 G
343 1511 579 1564 exemplari
609 1511 742 1565 petita
773 1514 879 1552 sunt.

195 1578 320 1620 Breui
357 1592 449 1621 esse
488 1579 587 1621 licet
618 1579 670 1621 de
702 1577 989 1617 Laurentiano
1018 1575 1121 1630 plut.
1152 1573 1207 1615 69
1238 1572 1327 1614 cod.
1361 1570 1412 1612 17
1442 1571 1581 1625 (Nm,
1627 1571 1744 1613 cuius

82 1645 388 1699 discrepantias
428 1648 628 1700 apposuit
675 1646 952 1688 Cardvvellus.
1036 1644 1071 1685 is
1120 1643 1230 1685 enim
1278 1640 1415 1683 codex
1464 1640 1653 1681 Romano
1706 1642 1746 1679 ct

81 1712 292 1765 Lipsiensi
332 1718 418 1756 tam
457 1715 607 1756 similis
647 1719 711 1756 est
749 1726 875 1766 quam
921 1716 985 1754 est
1023 1724 1135 1764 aqua
1172 1722 1331 1763 aquae,
1381 1706 1565 1761 pressius
1605 1710 1745 1747 tamen

81 1780 270 1832 sequitur
300 1781 584 1835 Lipsiensem‚
625 1794 806 1835 quocum
845 1779 1053 1822 consentit
1082 1793 1122 1833 p.
1157 1780 1223 1829 61,
1258 1779 1302 1829 7,
1345 1777 1410 1828 89,
1446 1777 1518 1828 16,
1554 1776 1644 1827 134,
1678 1775 1743 1813 20.

81 1854 124 1888 at
162 1860 202 1900 p.
236 1850 329 1900 378,
367 1852 436 1902 10,
478 1849 549 1890 ubi
590 1849 632 1890 in
671 1852 789 1891 textu
829 1847 1003 1890 exhibet
1052 1843 1244 1901 Securior,
1286 1845 1328 1886 in
1367 1843 1557 1896 margine
1596 1840 1745 1881 natvm}

81 1928 345 1957 communem
367 1916 644 1970 archetypum
661 1917 822 1958 maiore
843 1929 935 1957 cum
958 1914 1042 1956 fide
1065 1913 1275 1967 expressit
1297 1925 1421 1965 quam
1443 1914 1516 1953 aut
1532 1910 1745 1951 Romanus

81 1986 154 2024 aut
183 1983 435 2036 Lipsiensis3
476 1988 655 2038 apparet
685 1984 813 2037 igitur
844 1996 939 2025 eum
978 1996 1004 2024 a
1033 1986 1181 2024 neutro
1220 1979 1407 2034 pendere
1440 1977 1516 2020 sed
1547 1977 1611 2019 sui
1643 1976 1744 2017 iuris

83 2062 188 2091 esse.
239 2051 282 2092 in
313 2050 394 2093 hac
415 2051 600 2093 editione
631 2051 853 2105 appositae
875 2055 970 2092 sunt
992 2050 1081 2092 eius
1105 2048 1417 2102 discrepantiae
1440 2047 1500 2088 eis
1522 2045 1640 2099 locis,
1674 2043 1744 2097 qui

83 2121 124 2159 et
153 2118 193 2159 in
225 2118 437 2172 Lipsiensi
469 2123 511 2160 et
540 2119 583 2160 in
612 2119 801 2160 Romano
832 2117 1139 2160 desiderantur.

167 2185 372 2228 Similiter
383 2186 617 2228 Romanum
630 2186 814 2228 maxime
832 2186 1032 2239 sequitur,
1051 2187 1251 2237 quantum
1263 2182 1411 2237 paucis
1423 2181 1527 2222 locis
1544 2179 1745 2233 inspectis

83 2254 281 2306 cognosci
310 2254 467 2307 potuit,
508 2253 646 2296 codex
686 2252 859 2292 Vrbinas
888 2265 979 2293 ηνο.
1011 2250 1134 2304 854),
1175 2251 1247 2304 qui
1278 2254 1419 2291 tamen
1450 2247 1661 2289 interdum
1691 2245 1745 2287 ab

83 2319 156 2362 illo
188 2320 391 2374 discedit,
428 2322 560 2364 ueluti
599 2335 639 2374 p.
675 2323 775 2374 146,
809 2325 833 2361 4
874 2321 988 2362 solus
1019 2333 1103 2362 non
1134 2317 1402 2371 παραχρῆμα
1435 2314 1628 2366 exhibet,
1670 2312 1745 2355 sed

84 2390 347 2442 παραυτίκα,
371 2393 412 2431 et
436 2390 528 2441 146,
553 2392 601 2430 10
632 2386 821 2440 κομίζων
845 2381 1103 2439 ἆντιῑτάτρω
1127 2380 1216 2426 ἀπὸ
1242 2383 1400 2439 ῥώμης,
1432 2396 1526 2425 eum
1548 2395 1573 2423 a
1595 2380 1746 2423 ceteris

85 2456 275 2498 omnibus
315 2457 427 2498 absit
463 2451 736 2510 ἀντιπάτρω.
810 2469 849 2509 p.
882 2457 949 2508 31,
983 2455 1032 2495 18
1051 2468 1111 2507 sq.
1158 2453 1287 2495 habet
1334 2449 1642 2502 ἐπιτέμιόντὸς
1690 2445 1745 2487 Τὰ

85 2523 269 2575 πρέμνα,
301 2523 377 2565 sed
398 2525 572 2577 πρέμνα
602 2525 645 2565 in
674 2537 820 2566 rasura
848 2523 1033 2577 positum
1066 2525 1141 2575 est,
1172 2533 1322 2562 manus
1351 2519 1489 2573 prima
1519 2517 1747 2569 scripserat

84 2585 139 2629 τὰ
178 2584 288 2643 ἂκρα
326 2593 521 2644 πρέμνα,
568 2596 777 2634 corrector
818 2591 944 2643 igitur
983 2589 1027 2631 id
1066 2588 1249 2631 restituit
1287 2586 1399 2640 quod
1440 2598 1549 2626 nunc
1589 2583 1745 2625 habent

86 2655 169 2698 VC.
230 2670 375 2699 uerum
411 2671 495 2701 non
526 2672 655 2711 unus,
704 2657 781 2700 sed
811 2658 895 2700 duo
927 2660 1219 2708 correxerunt,
1263 2667 1439 2708 quorum
1469 2653 1576 2693 alter
1608 2650 1745 2693 codici

87 2724 297 2779 aequalis,
342 2726 450 2767 alter
480 2726 639 2768 saeculi
669 2726 757 2768 fere
788 2725 866 2766 XV
897 2725 1076 2766 uidetur.
1146 2723 1262 2765 uelut
1300 2722 1374 2762 illo
1414 2722 1531 2772 loco,
1573 2719 1626 2760 de
1664 2731 1745 2771 quo

202 2825 231 2864 1)
256 2823 344 2857 nihil
366 2823 474 2867 igitur
506 2824 644 2866 obstat,
678 2824 866 2868 quominus
898 2825 963 2858 has
998 2825 1223 2859 correcturas
1256 2820 1417 2855 adhibito
1450 2819 1518 2853 alio
1554 2817 1675 2853 codice
1700 2818 1745 2852 ab

89 2875 212 2910 eodem
236 2879 376 2913 homine
400 2879 516 2915 factas
541 2890 619 2914 esse
643 2884 807 2924 putemus
832 2889 877 2915 ac
901 2880 1049 2924 priores.
1176 2881 1208 2920 2)
1233 2877 1314 2912 uide
1339 2885 1447 2920 snpra
1472 2887 1504 2920 p.
1530 2874 1631 2909 XIII.

90 2931 123 2972 3)
148 2931 228 2967 uide
251 2944 285 2977 p.
310 2933 381 2968 XII
405 2945 480 2971 mo.
507 2939 538 2970 9.
632 2939 666 2979 4)
689 2935 771 2971 uide
795 2947 829 2980 p.
855 2936 976 2972 XVIII
1000 2946 1075 2971 nro.
1102 2938 1157 2970 27.
