2018 3236
234 190 312 227 500
676 182 740 217 DE
766 180 924 215 BELLO
949 179 1046 215 IUD.
1071 179 1102 213 V
1127 182 1305 215 476-484
1331 182 1379 222 (XI
1407 184 1436 223 5)

122 308 201 346 477
235 301 493 391 ἕνθορζόντες
522 300 609 339 τῶν
642 295 813 349 ἐχθρῶν
843 290 1029 350 ὑφῆψαν
1060 291 1138 341 τὰς
1168 292 1376 348 μηχανάς.
1435 292 1699 373 βαλλόμενοι
1731 292 1778 335 δὲ
1813 296 1884 336 καὶ

232 378 324 418 τοῖς
356 368 527 422 ξίφεσιν
566 361 877 415 ανωθουιιενοι
916 358 1144 401 πάντοθεν
1176 354 1225 400 05
1258 358 1474 414 πρότερον
1507 359 1551 402 ἐκ
1579 361 1658 402 τοῦ
1687 360 1886 402 κινδύνου

121 440 199 480 478
229 434 576 490 μετεκινήθησαν
608 424 634 487 ἢ
665 428 918 482 δράξασθαι
957 428 1045 468 τῶν
1083 421 1279 481 ὀργάνων
1317 425 1366 469 τὸ
1407 428 1508 481 πῦρ.
1570 427 1800 484 αἰρομένης
1840 427 1887 470 δε

229 500 309 558 ἤδη
348 503 425 556 τῆς
464 497 628 556 φλογὸς
659 494 862 549 Ῥωμαῖοι
899 495 977 548 μὲν
1018 489 1106 535 ἀπὸ
1147 496 1234 535 τῶν
1275 494 1587 548 στρατοπέδων
1627 497 1888 545 συνθέοντες

231 568 466 625 ἔβοηθουν,
500 562 706 609 Ἰουδαῖοι
738 559 778 605 δ
815 562 859 604 ἐκ
889 563 965 604 τοῦ
995 565 1162 613 τείχους
1201 560 1387 603 ἐκώλυον
1425 563 1498 604 καὶ
1537 571 1632 612 τοῖς
1667 562 1888 616 σβεννύειν

230 638 522 691 πειρωμένοις
563 632 878 675 συνεπλέκοντο
916 627 1027 671 κατὰ
1065 628 1199 685 μηδὲν
1229 631 1317 670 τῶν
1349 627 1474 670 ι’δίων
1513 629 1769 685 φειδόμενοι
1801 644 1888 671 σω-

121 709 199 748 479
230 703 393 758 μάτων.
453 702 523 744 καὶ
556 700 598 742 οἱ
628 699 706 753 μὲν
740 697 883 740 εἷλκον
915 696 959 739 ἐκ
989 697 1065 738 τοῦ
1096 695 1236 750 πυρὸς
1266 695 1346 746 τὰς
1386 694 1612 746 ἑλεπόλεις
1650 698 1737 740 τῶν
1775 694 1887 750 ὑπὲρ

232 766 366 820 αὐτὰς
394 772 558 824 γέρρων
590 768 883 824 φλεγομένων,
917 764 958 806 οἷ
982 759 1022 805 δ’
1044 758 1247 805 Ἰουδαῖοι
1278 764 1350 805 καὶ
1374 762 1447 805 διὰ
1469 765 1546 821 τῆς
1567 763 1731 819 φλογὸς
1763 760 1888 806 ἅντε-

231 837 505 892 λαμβάνοντο
535 836 609 877 καὶ
639 836 716 876 τοῦ
758 832 937 888 σιδήρου
980 831 1150 882 ζέοντος
1192 829 1483 886 δρασσόμενοι
1521 830 1624 881 τοὺς
1662 831 1808 885 κριοὺς
1839 826 1887 873 οὗ

229 909 466 960 μεθίεσαν·
514 903 706 957 διέβαινε·
747 897 789 942 δ’
834 896 923 942 άπὸ
965 897 1131 941 τούτων
1171 897 1247 940 ἐπὶ
1285 896 1340 939 τὰ
1376 897 1560 951 χώματα
1599 897 1648 940 τὸ
1689 900 1777 954 πῦρ
1817 900 1888 941 καὶ

120 976 200 1016 480
231 972 334 1022 τοὺς
356 969 599 1026 ἀμύνοντας
630 967 977 1024 προελάμβανεν.
1029 964 1073 1007 ἓν
1094 961 1235 1020 τούτῳ
1258 961 1299 1006 δ’
1327 965 1368 1007 οἱ
1388 965 1466 1014 μὲν
1484 962 1690 1019 Ῥωμαῖοι
1712 965 1889 1008 κυκλού-

230 1056 354 1094 μενοι
375 1041 426 1095 τῇ
449 1039 579 1095 φλογὶ
612 1039 684 1080 καὶ
705 1034 782 1093 τὴν
814 1037 1034 1090 σωτηρίαν
1064 1034 1151 1073 τῶν
1183 1032 1318 1087 ἔργων
1350 1028 1617 1088 ἀπογνόντες
1648 1028 1890 1086 ἀνεχώρουν

121 1112 197 1151 481
233 1107 308 1150 ἐπὶ
340 1105 393 1148 τὰ
426 1104 719 1159 στρατόπεδα,
747 1101 951 1145 Ἰουδαῖοι
975 1100 1021 1142 δὲ
1043 1103 1326 1153 προσέκειντο
1359 1101 1539 1149 πλείους
1569 1096 1639 1143 άεὶ
1669 1099 1889 1155 γινόμενοι

231 1177 318 1217 τῶν
350 1174 533 1217 ἔνδοθεν
574 1170 980 1227 προσβοηθούντων
1014 1169 1084 1209 καὶ
1117 1169 1180 1222 τῷ
1210 1176 1383 1220 κρατεῖν
1422 1167 1743 1224 τεθαρρηκότες
1783 1164 1890 1209 ἆτα-

232 1241 428 1297 μιεύτοις
460 1239 645 1295 εχριῦντο
677 1247 774 1287 ταῖς
806 1232 970 1292 ὀργαῖς,
1003 1234 1301 1289 προελθόντες
1328 1234 1373 1276 δὲ
1394 1238 1519 1288 μέχρι
1548 1237 1634 1276 τῶν
1667 1234 1892 1289 ἐρυμάτων

123 1314 204 1353 482
234 1307 313 1366 ἤδη
347 1309 661 1351 συνεπλέκοντο
693 1313 787 1354 τοῖς
818 1311 1040 1360 φροιροῖς.
1091 1301 1215 1352 τάξις
1241 1301 1358 1345 εστὶν
1380 1318 1423 1343 εκ
1446 1302 1650 1357 διαδοχῆς
1682 1302 1889 1359 ἱσταμένη

235 1376 321 1433 πρὸ
363 1378 440 1418 τοῦ
481 1373 803 1430 στρατοπέδου,
844 1388 915 1413 και
958 1368 1099 1419 δεινὸς
1138 1365 1211 1411 ἐπ’
1250 1365 1357 1425 αιτῆ
1384 1366 1605 1423 Ῥωμαίων
1645 1369 1777 1423 νόμος
1815 1369 1891 1411 τὸν

123 1449 205 1489 483
236 1442 584 1500 ὑποχωρήσαντα
623 1435 730 1482 καθ
775 1438 825 1494 ἠν
866 1433 1024 1495 δήποτ
1070 1434 1144 1478 οὖν
1185 1436 1332 1478 αἰτίαν
1371 1436 1593 1490 θνήσκειν
1655 1439 1777 1479 οὑτοι
1815 1438 1893 1479 τοῦ

235 1510 343 1566 μετὰ
381 1509 604 1558 κολάσεως
641 1507 718 1549 τὸν
755 1504 852 1560 μετ’
893 1476 1048 1561 άρετῆς
1086 1506 1285 1546 θάνατον
1324 1507 1635 1558 προκρίναντες
1672 1504 1890 1556 ι’στανται,

236 1580 308 1621 καὶ
330 1577 442 1633 πρὸς
463 1575 541 1632 τὴν
562 1575 726 1618 τούτων
759 1570 945 1629 ἀνάγκην
976 1573 1134 1613 πολλοὶ
1158 1573 1243 1613 τῶν
1265 1574 1520 1624 τραπέντων
1552 1570 1894 1627 επεστράφησαν

124 1651 205 1690 484
238 1644 503 1699 αιδούμενοι.
555 1643 785 1690 διαθέντες
808 1640 853 1681 δὲ
874 1641 945 1681 καὶ
977 1654 1079 1687 τοις
1109 1634 1328 1692 ὄξιβελεῖς
1359 1637 1434 1681 ἐπὶ
1454 1640 1532 1681 τοῦ
1552 1642 1718 1692 τείχους
1750 1636 1892 1694 εἶργον

234 1712 282 1755 τὸ
317 1710 662 1766 προσγινόμενον
702 1709 880 1765 πλῆθος
919 1723 963 1748 εκ
992 1708 1069 1762 τῆς
1107 1705 1280 1755 πόλεως
1321 1703 1446 1747 ουδὲν
1486 1705 1548 1756 εἷς
1588 1702 1835 1762 ἀσφάλειαν
1866 1699 1892 1762 ἢ

236 1780 430 1836 φυλακὴν
461 1780 547 1819 τῶν
579 1777 794 1830 σωμάτων
826 1773 1196 1829 προνοουμένους·
1235 1774 1550 1814 συνεπλέκοντο
1580 1772 1662 1827 γὰρ
1688 1768 1891 1815 Ιουδαῖοι

234 1855 328 1896 τοῖς
359 1846 655 1901 προστυχοῦσι
685 1845 757 1885 καὶ
785 1851 882 1891 ταῖς
915 1841 1091 1894 αἰχμαῖς
1123 1836 1385 1896 αφυλάκτως
1415 1838 1713 1892 ἐμπίπτοντες
1744 1835 1892 1889 αυτοῖς

348 2034 887 2077 PAMLVRCLatHegesippus
911 2032 944 2066 V
969 2034 1010 2065 20
1035 2041 1072 2075 p.
1097 2031 1175 2063 317.
1212 2028 1340 2062 Suidas
1365 2039 1392 2062 s.
1418 2029 1593 2073 φρουροί.

352 2096 364 2126 l
392 2091 634 2138 ἐνθορῶντεσ
659 2090 754 2125 VRC
844 2090 908 2123 καὶ
932 2097 1000 2121 om.
1019 2084 1121 2120 PAM
1191 2087 1209 2118 2
1235 2080 1514 2127 άνωθούμενοι]
1539 2086 1603 2119 καὶ
1627 2079 1891 2129 άνωθούμενοι

237 2149 303 2183 ΡΜ
329 2144 598 2191 άνωθούμενοί
621 2159 661 2182 τε
686 2147 719 2179 Α
812 2147 830 2179 3
857 2139 892 2178 δ’
912 2143 971 2177 LC
1043 2145 1061 2175 5
1088 2140 1126 2176 δὲ
1150 2139 1244 2175 VRC
1316 2139 1519 2186 σβεννύειν,
1545 2143 1594 2186 σβ
1617 2150 1660 2174 ex
1686 2151 1775 2176 corr.
1793 2142 1825 2174 A

238 2209 254 2238 ἰ’
281 2203 323 2240 ἐκ
347 2207 414 2240 τοῦ
439 2201 559 2249 πυρὸς
583 2214 649 2238 om.
676 2201 771 2237 VRG
864 2202 882 2233 8
908 2200 1058 2245 γερρῶν
1084 2196 1217 2231 PAMR
1242 2198 1367 2241 γερῶν
1385 2196 1410 2230 C
1480 2195 1736 2242 φλεγομένων]
1760 2195 1802 2232 ἐκ
1827 2199 1894 2232 τοῦ

238 2258 363 2307 πυρὸσ
388 2259 632 2306 φλεγομένων
649 2255 848 2292 PAMVRC
943 2255 981 2290 δὲ
997 2252 1132 2287 MVRC
1205 2255 1245 2286 10
1271 2252 1308 2287 δὲ
1327 2251 1433 2287 MVR
1526 2256 1562 2287 11
1591 2249 1894 2298 προελάμβανεν]

239 2315 557 2362 προσελάμβανεν
580 2314 684 2348 AML
704 2311 965 2359 praeveniebat
990 2310 1060 2344 Lat
1150 2306 1192 2344 ἐν
1216 2305 1350 2356 τούτῳ]
1377 2308 1499 2353 itaque
1523 2309 1592 2343 Lat
1684 2307 1723 2344 δὲ
1746 2308 1813 2343 VR

237 2373 305 2417 μὲν
330 2383 398 2407 om.
425 2372 452 2405 P
546 2374 585 2405 13
611 2370 682 2406 αἰεὶ
706 2370 736 2403 L
854 2370 896 2401 14
921 2369 987 2414 τῷ]
1012 2362 1057 2401 τὸ
1084 2364 1210 2398 A¹LC¹
1327 2368 1365 2398 15
1394 2360 1536 2409 ὀργαῖς]
1563 2360 1703 2409 ὃρμαῐσ
1727 2363 1894 2399 MLVRC

238 2430 390 2474 impetus
414 2427 483 2461 Lat
619 2421 889 2472 προελθόντες]
915 2422 1022 2457 Niese
1047 2419 1336 2467 προσελθόντεσ
1370 2420 1470 2454 codd.
1498 2419 1691 2465 proqressi
1714 2420 1783 2454 Lat

242 2487 282 2518 16
306 2482 407 2525 τάξις
424 2503 466 2506 -
487 2486 526 2518 19
546 2480 720 2518 ι’στανται
745 2480 852 2515 habet
876 2478 1004 2513 Suidas
1078 2474 1178 2518 τάξις
1197 2497 1236 2500 -
1257 2479 1295 2510 17
1316 2475 1586 2521 στρατοπέδου]
1611 2480 1665 2510 est
1679 2486 1767 2520 erqo
1784 2486 1893 2520 quae-

240 2539 321 2574 dam
340 2550 414 2584 pro
439 2539 568 2573 castris
591 2549 658 2583 per
681 2537 777 2571 uices
800 2535 972 2569 stantium
997 2536 1219 2567 armatorum
1244 2531 1314 2565 Lat
1428 2529 1539 2573 τάξις]
1565 2528 1670 2573 τάξισ
1695 2526 1730 2565 δ’
1755 2531 1782 2565 C

244 2599 281 2629 17
308 2594 579 2641 στρατοπέδου]
605 2591 864 2637 στρατοπέδου
886 2589 981 2634 μετὰ
1007 2591 1084 2624 τῶν
1109 2581 1238 2623 όπλων
1261 2586 1491 2622 LGLatSuid
1559 2582 1623 2622 ἐπ’
1649 2581 1763 2632 αὐτὴν
1779 2587 1895 2623 PSuid

241 2652 278 2685 in
301 2661 363 2685 eos
388 2650 455 2684 Lat
539 2646 735 2693 Ρωμαίων
759 2650 964 2690 suspectum
988 2643 1175 2678 Destinoni
1271 2646 1310 2676 18
1335 2641 1515 2707 θρήσκειν
1533 2643 1571 2676 Μ
1654 2636 1771 2685 οὗτοι]
1798 2644 1833 2679 οἶ
1857 2643 1895 2680 δὲ

241 2705 328 2742 Suid
418 2707 497 2745 τοῦ]
523 2704 591 2740 τὸν
616 2705 642 2737 C
735 2705 803 2738 τοῦ
826 2698 921 2746 μετὰ
945 2697 1153 2740 κολάσεως]
1179 2701 1246 2734 τοῦ
1270 2698 1364 2741 μετά
1390 2693 1590 2734 κολάσεωσ
1615 2695 1685 2733 τὸν
1706 2696 1894 2743 μετὰΙΙκο·

241 2759 390 2796 λάσεωσ
415 2761 462 2794 V¹
535 2762 573 2793 19
595 2757 781 2799 ἵστανται]
805 2760 979 2792 steterunt
1000 2755 1150 2800 fortiter
1172 2754 1242 2788 Lat
1318 2756 1359 2787 20
1384 2750 1627 2799 ἐστράφησαν
1649 2754 1682 2787 A
1707 2749 1894 2800 άπεστρά-

243 2829 366 2863 φησαν
390 2815 419 2849 L
526 2817 567 2848 22
592 2817 754 2859 πλῆθοσ,
779 2816 880 2858 πλῆθ
903 2813 925 2846 i.
951 2821 1022 2846 ras.
1049 2813 1068 2845 3
1092 2811 1173 2851 litt„
1199 2819 1346 2854 quarum
1369 2809 1474 2842 tertia
1498 2808 1610 2843 fuisse
1634 2808 1707 2843 uid.
1733 2811 1753 2844 λ
1777 2809 1804 2842 Ρ

244 2875 284 2906 23
308 2867 587 2918 προνοούμενοι
605 2869 706 2903 ΡΑΜ
724 2867 1012 2914 προνοούμενον
1028 2866 1202 2901 Destinon
1270 2860 1357 2910 γὰρ]
1382 2861 1456 2910 γὰρ
1476 2863 1510 2899 οἳ
1526 2864 1693 2899 AMLVC
1710 2864 1748 2900 δὲ
1766 2864 1801 2900 οὶ
1817 2865 1850 2900 R

245 2930 287 2962 24
312 2927 542 2974 προτυχοῦσι
565 2925 613 2958 Αι
710 2924 872 2970 αἰχμαῖς]
899 2919 1041 2967 άκμαῖσ
1065 2919 1263 2956 PAMVRC
1286 2920 1428 2966 spicula
1453 2920 1521 2954 Lat

1918 570 1936 602 5

1921 906 1957 938 10

1923 1243 1958 1275 15

1923 1579 1960 1612 20
