2039 3251
48 1843 86 1876 10

553 167 618 201 DE
645 166 803 201 BELLO
828 165 923 201 IUD.
951 166 966 199 Ι
995 168 1080 201 1—-3
1105 171 1252 206 (Prooem.
1285 172 1312 204 1)
1741 164 1764 198 3

922 840 958 893 I.

117 979 409 1026 Φλαυίου
447 976 756 1038 Ἰωσήπου
793 973 1052 1033 ἱστορία
1084 972 1451 1020 Ἰουδαϊκοῦ
1502 974 1770 1032 πολέμου

481 1056 632 1116 πρὸς
662 1054 1006 1114 Ῥωμαίους
1041 1052 1306 1114 βιβλίον
1343 1049 1402 1100 α’.

224 1222 275 1268 Ε
273 1225 394 1281 τειδη
413 1224 488 1267 τὸν
500 1221 722 1267 [ουδαίων
740 1221 853 1276 πρὸς
865 1220 1101 1275 Ρωμαίους
1117 1219 1313 1273 πόλεμον
1331 1219 1550 1262 συστάντα
1567 1221 1773 1274 μέγιστον

115 1290 163 1335 οὗ
199 1293 332 1347 μόνον
363 1295 448 1335 τιῦν
479 1288 586 1334 καθ
624 1288 748 1367 ημᾶς,
782 1287 933 1343 σχεδον
966 1288 1012 1330 δὲ
1041 1290 1114 1331 καὶ
1147 1291 1207 1330 ιὶν
1240 1283 1347 1343 ἀκοῇ
1378 1286 1716 1369 παρειλήφαμεν
1746 1303 1770 1342 η

114 1360 287 1403 τόλεων
309 1359 421 1415 πρὸς
442 1360 597 1409 πόλεις
618 1376 643 1416 η
667 1358 810 1401 ἐθνῶν
833 1357 982 1400 έθνεσι
1017 1359 1329 1411 σιρραγέντων,
1363 1354 1404 1396 οἱ
1435 1354 1514 1407 μὲν
1547 1370 1594 1395 ου
1627 1370 1773 1408 παρα-

115 1427 313 1480 τυχόντες
342 1435 434 1477 τοῖς
464 1426 739 1482 πράγμασιν,
772 1421 869 1467 ἀλλ’
907 1421 1014 1480 άκοῇ
1046 1424 1324 1478 συλλέγοντες
1356 1422 1500 1464 εἰκαῖα
1530 1422 1601 1463 καὶ
1633 1417 1774 1474 άσύμ-

116 1512 242 1550 φωνα
281 1495 524 1552 διηγήματα
565 1495 834 1550 σοφιστικῶς
873 1488 1225 1548 ἀναγράφουσιν,
1266 1491 1307 1532 οἱ
1348 1488 1699 1545 παραγενόμενοι
1731 1488 1823 1530 δὲ2

114 1556 140 1618 ἢ
161 1564 363 1619 κολακείᾳ
383 1568 434 1619 τῇ
457 1560 825 1617 πρὸςῬιομαίους
850 1553 876 1616 ἢ
907 1564 1028 1614 μίσει
1058 1561 1120 1614 τῷ
1152 1558 1265 1613 πρὸς
1282 1554 1521 1607 Ἰουδαίους
1551 1556 1774 1610 καταψεύ-

116 1630 267 1672 δονται
304 1632 390 1672 τῶν
429 1629 720 1685 πραγμάτιον,
761 1630 955 1682 περιέχει
995 1627 1040 1669 δὲ
1079 1623 1227 1675 αὐτοῖς
1258 1621 1372 1668 ὅπου
1403 1625 1482 1679 μὲν
1511 1627 1776 1680 κατηγορίαν

115 1692 228 1739 ὅπου
271 1697 316 1740 δὲ
356 1696 568 1753 ἐγκώμιον
605 1697 660 1739 τὰ
700 1695 1034 1751 συγγράμματα,
1074 1693 1122 1736 τὸ
1166 1690 1207 1735 δ”
1252 1690 1426 1747 ἀκριβὲς
1463 1694 1539 1748 τῆς
1580 1692 1776 1745 ἱστορίας

115 1761 321 1819 οὐδαμοῦ,
354 1769 615 1821 προυθέμην
638 1763 718 1820 ἐγώ
741 1773 836 1813 τοῖς
865 1761 975 1805 κατὰ
1006 1762 1084 1818 τὴν
1101 1760 1323 1815 Ῥωμαίων
1354 1758 1589 1816 ἡγεμονίαν
1606 1756 1776 1800 Ἑλλάδι
1799 1759 1823 1798 3

113 1832 287 1889 γλώσσῃ
333 1832 592 1887 μεταβαλών
638 1831 664 1874 ἃ
710 1841 803 1882 τοῖς
843 1828 933 1873 ἅνω
973 1830 1217 1884 βαρβάροις
1256 1831 1308 1885 τῇ
1348 1831 1523 1883 πατρίῳ
1563 1826 1776 1877 συντάξας

115 1896 354 1955 ἀνέπεμψα
406 1899 623 1954 πρότερον
675 1895 998 1956 ἀφηγήσασθαι
1042 1894 1256 1954 Ἰώσηπος
1305 1899 1524 1937 ,Ματθίου
1574 1903 1683 1944 παῖς
1732 1892 1779 1943 ἐξ

110 1965 419 2023 Ἱεροσολύμων
452 1967 602 2023 ἱερεύς,
641 1964 772 2016 αὐτός
802 1983 849 2008 τε
876 1963 1112 2019 Ῥωμαίους
1143 1963 1400 2019 πολεμήσας
1430 1962 1484 2004 τὰ
1517 1965 1672 2018 πρῶτα
1703 1963 1774 2004 καὶ

113 2045 207 2085 τοῖς
236 2030 416 2090 ἵστερον
448 2033 710 2090 παρατυχών
742 2034 789 2084 ἐξ
818 2030 1026 2089 ἀνάγκης·

228 2181 327 2216 PML
331 2181 694 2216 VNCLatEusebius
718 2180 799 2215 hist.
825 2180 952 2214 eccles.
977 2180 1030 2213 III
1055 2183 1086 2214 9.

227 2239 270 2273 de
302 2238 405 2272 titulo
439 2238 519 2272 uide
543 2237 823 2282 praefationem·
837 2235 996 2281 φλαυίου
1021 2233 1192 2288 ἰωσήπου
1218 2235 1377 2281 ὲβραίου
1402 2233 1552 2277 compca
1576 2226 1777 2267 Ἰουδαικοῦ

116 2294 284 2351 πολέμου
316 2291 419 2341 πρὸσ
444 2293 639 2361 ρωμαιουσ
671 2294 824 2339 βιβλίον
854 2293 876 2328 ἇ
911 2293 938 2326 Ρ
972 2291 1132 2337 φλαυίου
1164 2288 1336 2336 ἰ’ωσηπου
1373 2288 1532 2336 ἑβραίου
1564 2291 1649 2334 περὶ
1679 2285 1776 2323 άλω-

117 2362 216 2387 σεωσ
236 2338 429 2395 ἰουδαϊκῆσ
447 2348 620 2395 ιστοριασ
638 2348 759 2394 λόγοσ
777 2351 936 2394 πρῶτοσ
952 2349 990 2383 Μ
1008 2350 1175 2396 φλαβίου
1191 2346 1361 2393 ιωσήπου
1385 2347 1576 2388 ιὀυὸαὶκῆσ
1600 2344 1776 2405 Ξστορίασ

117 2409 202 2453 περὶ
219 2403 401 2443 ἁλωσεωσ
419 2406 485 2440 LN
503 2406 537 2447 (i.
556 2416 665 2448 marg.
683 2403 802 2451 λόγοσ
821 2419 843 2440 α
873 2406 1039 2449 ascripsit
1056 2405 1104 2447 N)
1128 2401 1298 2450 ἰωσηπου
1321 2405 1408 2449 περὶ
1432 2399 1629 2437 αλώσεωσ
1657 2398 1777 2445 λόγοσ

117 2466 273 2508 πρῶτοσ
295 2463 328 2498 V
360 2464 521 2508 φλαυίου
554 2458 724 2507 ἰωσήπου
756 2462 949 2507 ἰουδαικῆσ
981 2460 1157 2507 ιστορίασ
1189 2462 1275 2505 περὶ
1308 2455 1509 2495 ἁλωσεωσ·
1544 2455 1664 2502 λόγοσ
1689 2452 1723 2491 α’
1750 2454 1776 2488 C

117 2517 349 2553 historiarum
367 2518 507 2564 iosephz'
531 2529 679 2553 nummo
707 2516 786 2552 VII
804 2518 894 2553 liber
911 2518 1056 2563 primus
1079 2518 1208 2563 incipit
1229 2515 1389 2560 feliciter
1404 2514 1475 2548 Lat
1547 2516 1559 2546 1
1588 2514 1664 2547 τῶν
1682 2510 1708 2544 C

119 2572 383 2620 συστησάντων
407 2574 433 2608 C
551 2577 569 2608 3
595 2572 750 2610 πόλεωσ
774 2574 802 2608 Ρ
896 2573 943 2615 οἱ]
969 2574 1070 2610 τινὲσ
1094 2575 1133 2608 Μ
1249 2575 1270 2606 4
1294 2568 1491 2617 πράγμασι
1514 2569 1557 2603 P¹
1668 2563 1776 2611 άξυμ-

120 2643 228 2673 φωνα
244 2629 309 2664 LN
368 2627 573 2676 άξύμφωνα
591 2633 825 2674 σοφιστικῶσ
843 2624 1106 2676 ἀναγράφουσι
1124 2626 1328 2675 διηγήματα
1345 2631 1388 2661 tr.
1402 2627 1435 2661 N
1496 2628 1514 2659 6
1532 2627 1597 2672 τῷ]
1613 2620 1658 2659 τὸ
1676 2623 1720 2657 P¹

123 2687 142 2720 8
165 2683 353 2731 ε’γγώμιον
376 2686 423 2720 L¹
516 2683 785 2732 ξυγγράμματα
810 2686 873 2720 LN
967 2686 1006 2722 δὲ
1029 2686 1157 2721 LVNC
1228 2688 1247 2719 9
1273 2684 1492 2730 προεθέμην
1514 2680 1547 2716 V
1618 2684 1658 2714 10
1685 2677 1777 2720 ἄνω]

122 2751 188 2776 om.
215 2742 284 2776 PM
307 2747 406 2777 retro
430 2742 513 2785 Lat,
539 2743 584 2777 cf.
611 2743 632 2786 ξ
650 2745 669 2775 6
785 2739 966 2784 ξυντάξασ
990 2741 1019 2774 L
1138 2744 1175 2774 11
1203 2736 1470 2786 α’νεπέμψατο,
1502 2752 1523 2773 ν
1551 2737 1588 2770 in
1613 2749 1640 2771 π
1663 2736 1777 2779 repic-

122 2820 198 2852 tum
221 2818 254 2853 V
345 2819 508 2865 iosippus
530 2820 600 2854 Lat
689 2817 866 2866 Ἰώσηπος
889 2840 930 2844 -
958 2823 998 2854 13
1023 2815 1188 2865 οἷνάγκης
1210 2819 1333 2854 laudat
1355 2818 1488 2853 Euseb.
1568 2805 1725 2861 μὲξ-ίου
1748 2815 1777 2848 P

124 2875 324 2917 ματτθίου,
341 2888 362 2910 τ
374 2878 456 2910 ante
469 2879 496 2911 θ
511 2876 534 2910 i.
553 2886 622 2910 ras.
636 2876 674 2909 M
690 2877 908 2919 ματταθίου
920 2876 1068 2910 Eusebii
1085 2876 1186 2911 codd.
1206 2875 1364 2919 quidam3
1383 2873 1427 2909 cf.
1446 2874 1521 2908 uita
1538 2874 1558 2916 ξς
1577 2876 1598 2906 4
1676 2873 1778 2911 παῖς]

124 2928 273 2964 PEuseb
287 2936 380 2965 παῖσ
391 2930 489 2976 γένει
503 2929 663 2978 ἓβραῖοσ
673 2931 914 2965 MLVNCLat
962 2928 1229 2975 12Ῥωμαίους]
1243 2931 1424 2965 PGEuseb
1442 2928 1632 2974 ῥωμαίοισ
1645 2925 1778 2962 MLVN

1455 2989 1469 3019 1
1483 2987 1503 3006 *
