2039 3251
62 883 96 915 10

63 1223 97 1255 15

62 1572 99 1604 20

461 151 527 185 DE
552 150 712 186 BELLO
739 150 834 185 IUD.
860 151 876 184 l
902 152 1034 184 27-32
1059 152 1206 192 (Prooem.
1236 154 1283 180 ιι.
1306 154 1354 183 ¹2.
1387 152 1395 178 1
1421 151 1447 190 ι)
1757 148 1780 181 9

126 264 442 316 στασιάζοντας
472 265 826 319 προυκαλέσατο,
870 264 1077 317 διακρινῶ
1109 263 1155 305 δὲ
1185 260 1239 304 τὰ
1271 260 1400 317 πάθη
1431 262 1509 302 τοῦ
1541 259 1680 316 δήμου
1710 261 1782 301 καὶ

125 332 204 383 τὰς
235 331 466 390 συμφορὰς
496 331 580 375 ὅσα
611 348 658 374 τε
688 329 774 373 ὑπὸ
808 333 885 373 τοῦ
916 332 1113 384 πολέμου
1144 332 1215 372 καὶ
1247 325 1331 372 ὅσα
1362 326 1447 370 ὑπὸ
1481 330 1557 384 τῆς
1589 327 1784 376 στάσεως

125 402 198 443 καὶ
229 396 314 443 ὅσα
344 397 430 442 ὑπὸ
463 402 540 442 τοῦ
572 401 701 453 λιμοῦ
731 402 1006 448 κακωθέντες
1037 396 1251 440 ἑάλωσαν.
1303 397 1573 451 παραλείψω
1607 395 1653 437 δὲ
1684 390 1784 437 οὐδὲ

126 468 206 519 τὰς
244 471 330 511 τῶν
370 464 626 521 αὐτομόλων
668 462 846 519 ἀτυχίας
885 462 985 509 οὐδὲ
1023 465 1102 515 τὰς
1131 467 1218 507 τιῦν
1251 463 1538 517 αἰχμαλώτων
1568 462 1783 513 κολάσεις,

126 532 250 587 ὅπως
285 552 333 578 τε
371 533 393 578 ὁ
435 534 540 585 ναὸς
571 532 750 583 ἄκοντος
782 534 1032 591 ἐνεπρήσθη
1066 537 1291 588 Καίσαρος
1320 533 1390 573 καὶ
1425 526 1509 572 ὅσα
1539 533 1626 573 τῶν
1658 531 1785 586 ἱερῶν

127 605 360 661 κειμηλίων
400 603 445 645 ἐκ
482 605 558 645 τοῦ
599 601 738 657 πυρὸς
777 599 950 658 ἡρπάγη
990 601 1066 656 τήν
1098 617 1145 642 τε
1174 602 1250 657 της
1281 599 1384 655 ὅλης
1416 599 1589 647 πόλεως
1621 594 1785 641 ἅλωσιν

125 674 196 714 καὶ
237 671 291 714 τὰ
330 670 416 726 πρὸ
458 671 617 727 ταύτης
655 678 813 726 σημεῖα
852 671 923 711 καὶ
960 674 1123 722 τέρατα
1153 669 1224 709 καὶ
1256 665 1334 721 τὴν
1366 666 1668 719 αἰχμαλωσίαν
1699 668 1786 708 τῶν

127 739 349 795 τυράννων
371 740 458 780 τιῦν
484 754 530 779 τε
562 734 1013 792 ἀνδραποδισθέντων
1043 734 1091 777 τὸ
1126 736 1303 791 πλῆθος
1333 735 1404 775 καὶ
1438 733 1499 782 εἰς
1528 733 1580 790 ἣν
1612 733 1786 775 ἕκαστοι

126 806 255 863 τύχην
279 805 626 863 διενεμήθησαν·
657 807 727 847 καὶ
752 802 810 853 ὡς
826 801 1029 857 Ῥωμαῖοι
1050 803 1129 856 μὲν
1151 801 1397 858 ἐπεξῆλθον
1418 799 1472 842 τὰ
1496 802 1688 855 λείψανα
1709 803 1785 842 τοῦ

129 875 325 927 πολέμου
363 875 435 916 καὶ
474 872 526 916 τὰ
567 872 758 927 ἕρύμαια
794 872 880 912 τιῦν
916 874 1090 923 χωρίων
1120 869 1354 919 καθεῖλον,
1398 873 1528 918 Τίτος
1560 869 1605 911 δὲ
1637 871 1787 911 πᾶσαν

129 939 335 984 ἐπελθών
375 940 452 996 τὴν
487 940 632 994 χώραν
671 938 987 994 κατεστήσατο,
1025 936 1103 994 τήν
1140 953 1187 978 τε
1226 933 1517 993 ὑποστροφὴν
1550 936 1680 978 αὐτοῦ
1711 935 1789 993 τὴν

129 1008 191 1058 εἷς
217 1004 404 1051 Ἰταλίαν
434 1010 507 1050 καὶ
536 1006 613 1049 τὸν
644 1010 882 1061 θρίαμβον.

246 1079 308 1118 12.
354 1078 502 1118 Ταῦτα
540 1074 688 1116 πάντα
727 1071 981 1127 περιλαβών
1023 1071 1066 1114 ἐν
1102 1071 1215 1114 ἑπτὰ
1246 1073 1439 1126 βιβλίοις
1468 1073 1540 1114 καὶ
1571 1071 1788 1127 μηδεμίαν

128 1153 221 1193 τοῖς
243 1143 554 1197 ἐπισταμένοις
574 1140 629 1183 τὰ
652 1141 891 1196 πράγματα
913 1142 985 1183 καὶ
1015 1142 1319 1193 παρατυχοῦσι
1349 1141 1411 1195 τῷ
1442 1140 1625 1194 ιστολέμῳ
1655 1155 1789 1180 κατα-

130 1209 273 1254 λιπων
311 1204 338 1267 ἢ
375 1213 586 1264 μέμψεως
625 1204 830 1265 ἀφορμὴν
868 1201 895 1263 ἢ
932 1212 1213 1264 κατηγορίας,
1253 1216 1347 1257 τοῖς
1385 1223 1432 1262 γε
1462 1205 1540 1262 την
1573 1202 1790 1263 ἀλήθειαν

130 1274 374 1333 ἀγαπῶσιν,
407 1273 518 1320 ἄλλα
545 1275 604 1334 μὴ
635 1275 750 1330 πρὸς
779 1273 937 1333 ἡδονὴν
969 1272 1211 1330 ἀνέγραψα.
1272 1273 1521 1330 ποιήσομαι
1553 1274 1600 1317 δὲ
1630 1273 1790 1330 ταύτην

129 1348 205 1403 τῆς
236 1345 476 1403 ἐξηγήσεως
507 1340 652 1401 ἀρχήν,
684 1343 735 1400 ἣν
766 1345 836 1386 καὶ
868 1345 956 1386 τῶν
987 1345 1241 1400 κεφαλαίων
1273 1341 1564 1399 ἐποιησάμην.

240 1426 272 1467 Ι.
321 1429 356 1466 1.
394 1423 600 1473 Στάσεως
636 1431 730 1472 τοῖς
770 1422 972 1472 δυνατοῖς
1005 1418 1229 1465 Ιουδαίων
1271 1420 1547 1477 εμπεσούσης
1586 1416 1695 1462 καθ
1740 1419 1790 1462 ὂν

129 1491 280 1571 καιρὸν
305 1487 532 1544 Ἀντίοχος
566 1488 588 1533 ὁ
621 1491 803 1548 κληθεὶς
829 1487 1072 1547 Ἐπιφανης
1103 1490 1331 1546 διεφέρετο
1362 1490 1465 1542 περὶ
1497 1484 1601 1544 όλης
1630 1491 1793 1543 Συρίας

131 1559 244 1614 πρὸς
273 1560 553 1613 Πτολεμαῖον
582 1557 659 1601 τὸν
691 1575 832 1607 εκτον,
863 1556 888 1616 ἡ
921 1559 1156 1615 φιλοτιμία
1188 1554 1229 1599 δ
1263 1556 1315 1614 ἠν
1348 1553 1496 1606 αυτοῖς
1528 1558 1631 1611 περὶ
1663 1556 1793 1597 δυνα-

131 1631 280 1677 στείας
309 1626 493 1670 ἑκάστου
524 1629 611 1668 τιῦν
643 1643 687 1668 εν
720 1622 939 1680 αξιώματι
969 1625 1026 1682 μὴ
1062 1629 1273 1682 φέροντος
1303 1634 1397 1674 τοῖς
1426 1622 1601 1678 ὁμοίοις
1630 1620 1793 1666 ὑποτε-

130 1694 315 1748 τάχθαι,
354 1691 503 1745 Ὀνίας
539 1694 618 1749 μὲν
658 1693 720 1744 εἷς
757 1697 844 1738 τῶν
886 1690 1121 1749 ἀρχιερέων
1161 1692 1460 1749 ἐπικρατήσας
1501 1691 1679 1746 ἐξέβαλε
1716 1692 1794 1747 τῆς

131 1762 304 1814 πόλεως
347 1762 450 1812 τοὺς
492 1765 645 1815 Τωβία
683 1761 816 1812 υἱοί-ς.
885 1762 927 1804 οἱ
967 1761 1014 1804 δὲ
1051 1760 1379 1818 καταφυγόντες
1418 1758 1533 1815 πρὸς
1564 1756 1792 1812 Ἀντίοχον

133 1829 355 1873 ἱκέτευσαν
377 1825 525 1880 αὐτοῖς
545 1827 729 1886 ἡγεμόσι
746 1829 968 1884 χρώμενον
991 1829 1053 1879 εἰς
1081 1828 1159 1884 τὴν
1175 1825 1392 1872 Ἰουδαίαν
1424 1827 1641 1882 ἐμβαλεῖν.
1693 1830 1793 1868 πεί-

64 1907 101 1940 25
129 1901 263 1940 θεται
303 1894 342 1940 δ’
387 1895 409 1941 0‘
448 1896 655 1952 βασιλεὺς
686 1895 942 1954 ὡρμημένος
972 1896 1136 1948 πάλαι,
1175 1899 1248 1938 καὶ
1278 1895 1389 1950 μετὰ
1420 1897 1632 1952 πλείστης
1663 1894 1794 1937 δυνά-

245 2064 757 2109 AMLVNCLatHegesippus
781 2064 798 2098 I
825 2068 838 2098 1
867 2075 901 2108 p.
928 2067 948 2099 3
974 2064 1105 2099 Weber

249 2125 261 2155 1
289 2123 468 2167 διακρινῶ
499 2121 549 2163 δὲ]
581 2121 615 2154 Α
638 2121 706 2155 Lat
742 2122 921 2165 διακρινῶ
942 2139 951 2146 ·
969 2120 1007 2156 δὲ
1032 2120 1060 2154 L
1095 2121 1299 2165 διακρίνων
1323 2120 1390 2154 MC
1424 2120 1626 2165 διακρίνων
1660 2119 1698 2156 δὲ
1728 2118 1795 2153 VN

135 2180 326 2224 διευκρινιῦ
350 2178 389 2214 δὲ
412 2178 520 2213 Niese
606 2180 625 2211 3
651 2173 866 2213 ἑ·άλωσαν
889 2179 994 2218 (eras,
1020 2176 1093 2211 uid.
1118 2180 1152 2220 λ)
1175 2177 1207 2212 V
1292 2174 1508 2223 παραλήψω
1534 2176 1559 2210 C
1653 2179 1673 2209 4
1700 2170 1796 2216 οὐδὲ]

136 2231 224 2271 οὔτε
248 2233 348 2269 LVN
474 2238 493 2269 5
521 2227 626 2276 ὅπως
649 2236 704 2275 τε]
731 2227 829 2269 ὅπου
853 2246 893 2269 τε
917 2233 950 2266 Α
977 2230 1098 2269 ὁπότε
1123 2233 1149 2266 C
1269 2230 1460 2279 ἐνεπρήθη
1485 2233 1517 2264 Α
1640 2235 1659 2266 6
1684 2244 1797 2276 κειμι-

137 2290 229 2326 λίων
252 2290 286 2324 Α
401 2293 419 2324 7
445 2287 590 2338 nob-V
707 2293 725 2324 8
749 2292 824 2331 καὶ]
852 2300 919 2325 om.
945 2290 977 2323 A
1001 2290 1118 2334 suppl.
1145 2289 1184 2323 M
1209 2294 1270 2324 aut
1295 2290 1365 2324 Lat
1460 2292 1499 2322 10
1526 2288 1575 2328 δὲ]
1599 2289 1663 2323 καὶ
1686 2288 1736 2320 A¹
1760 2286 1798 2323 δὲ

134 2347 198 2381 καὶ
214 2346 263 2379 Α2
333 2349 370 2380 11
390 2343 576 2389 ἐπελθὼν,
601 2343 655 2381 ὠν
678 2345 701 2380 i.
727 2356 796 2380 ras.
822 2357 867 2380 m.
887 2348 906 2379 2
923 2345 957 2381 V
1030 2349 1068 2380 13
1093 2347 1247 2393 βίβλοισ
1273 2345 1299 2380 C
1361 2347 1425 2381 καὶ
1449 2365 1490 2369 —-
1518 2347 1558 2378 16
1584 2340 1797 2390 α’νέγραψα]

137 2402 366 2448 (perscripsi)
397 2414 513 2448 neque
541 2402 847 2448 uituperationem
880 2413 902 2436 α
930 2413 1051 2437 rerum
1075 2402 1268 2437 scientibus
1291 2405 1325 2436 et
1349 2402 1414 2446 qui
1435 2400 1527 2435 bello
1552 2400 1800 2444 interfuerunt

137 2459 331 2493 sustineam
348 2470 474 2493 uerum
491 2458 705 2499 amantibus,
719 2462 831 2504 prout
848 2468 936 2492 uero
953 2457 1058 2504 potui
1074 2464 1204 2493 cuncta
1221 2458 1408 2504 explicavi
1421 2457 1502 2499 Lat,
1520 2466 1610 2500 quae
1627 2458 1798 2500 corrupta

139 2513 211 2548 uid.
322 2517 363 2549 14
387 2517 659 2562 παρατυχοῦσι,
683 2519 872 2558 utrumque
897 2529 920 2550 α
944 2515 968 2549 i.
993 2524 1064 2549 ras.
1090 2515 1123 2549 V
1229 2517 1293 2550 καὶ
1317 2525 1385 2549 om.
1411 2514 1442 2548 N
1561 2515 1600 2546 15
1626 2515 1680 2558 γε]
1706 2511 1732 2545 C
1757 2524 1799 2547 τε

138 2569 236 2604 LNV
259 2583 302 2616 γε
324 2571 398 2617 μὴν
420 2572 493 2606 ΑΜ
572 2574 610 2605 16
634 2567 782 2617 ἡδονὴν]
806 2568 944 2617 ἡδονὴν
968 2567 1166 2616 οἷφοριῦσιν
1190 2570 1229 2604 Μ
1306 2568 1445 2616 ταύτησ
1470 2569 1496 2603 C
1574 2571 1615 2603 18
1639 2568 1660 2602 i.
1686 2577 1796 2610 marg.

140 2620 235 2671 οἷρχή
252 2626 324 2661 MV
393 2631 476 2662 ante
496 2625 679 2670 Στάσεως
701 2628 796 2662 tituli
820 2627 900 2663 loco
925 2627 1062 2662 addunt
1086 2625 1272 2671 α’ντίοχοσ
1296 2628 1454 2672 πρῶτοσ
1477 2624 1542 2659 LN
1568 2620 1749 2670 άντιόχοσ
1775 2621 1795 2659 ὁ

143 2678 396 2728 ἐπιφανήσῩς
422 2683 467 2718 cf.
493 2684 539 2718 ad
563 2695 598 2729 p.
627 2687 680 2726 11,
706 2686 748 2717 20
830 2683 1016 2719 ἰουδαίοισ
1034 2683 1060 2716 C
1134 2686 1172 2717 19
1201 2677 1298 2728 ὅλης]
1316 2683 1446 2727 κοίλης
1469 2680 1616 2715 Aldrich
1687 2683 1729 2714 20
1761 2680 1799 2716 δὲ

143 2735 242 2771 LVN
310 2740 540 2781 δυναστείας]
574 2741 746 2776 δυναστεί
771 2754 787 2770 *e
817 2754 833 2770 τε
866 2741 899 2773 Α
925 2740 1149 2775 δυναστείασ
1173 2742 1241 2783 τῆσ
1266 2741 1347 2783 (τῆσ
1377 2738 1550 2781 expunxit
1571 2748 1616 2771 m.
1644 2739 1676 2779 2)
1699 2736 1733 2771 V

145 2794 183 2825 21
220 2787 402 2837 ἀξιώμασι
433 2797 464 2828 Α
584 2791 863 2841 ὑπο-τετάχθαι
894 2798 996 2837 (eras.
1028 2795 1100 2830 uid.
1135 2797 1165 2835 ε)
1190 2794 1220 2828 V
1345 2796 1386 2828 22
1416 2791 1546 2835 Ὀνίας]
1581 2785 1635 2828 ὦν
1665 2789 1801 2838 Ἰησοῦς

147 2846 228 2881 coll.
254 2849 338 2883 Ant.
363 2849 433 2883 XII
457 2853 520 2884 237
535 2861 586 2895 sq.
613 2851 749 2886 Petitus
887 2854 928 2885 23
961 2851 1110 2897 τω·βία
1134 2850 1167 2886 V
1304 2847 1406 2892 υἱοὺς
1435 2850 1557 2896 τωβία
1589 2851 1633 2884 tr.
1665 2849 1720 2884 ed.
1744 2858 1798 2892 pr.

151 2904 279 2948 Τωβία
303 2907 440 2946 παῖδας
463 2906 570 2941 Niese
710 2909 751 2940 24
777 2906 968 2952 εἰσβαλεῖν
993 2906 1123 2941 LVNC
1215 2908 1257 2941 25
1283 2906 1321 2943 δὲ
1342 2905 1475 2940 ALVN

1816 399 1868 439 28

1818 807 1870 846 29

1821 1078 1873 1117 30

1822 1428 1869 1467 31

1825 1768 1877 1808 32
