2039 3251
87 865 120 896 10

91 1203 126 1234 15

93 1541 129 1573 20

93 1877 130 1909 25

617 134 683 168 DE
710 133 867 169 BELLO
894 133 989 168 IUD.
1014 133 1063 168 VI
1087 134 1220 167 45—53
1246 135 1268 173 (Ι
1297 138 1326 174 5)
1727 131 1806 167 515>

145 248 193 291 τό
225 266 272 304 γε
303 247 413 290 κατὰ
453 247 648 305 κορυφήν
688 245 801 290 εἶναι
840 250 912 290 καὶ
952 256 1050 296 ταῖς
1091 244 1337 295 ἀναπνοαῖς
1377 243 1691 301 ἐπικαθῆσθαι
1721 246 1808 285 τῶν

149 317 373 370 πολεμίων
404 319 568 369 ταχέως
598 315 676 372 τὴν
706 313 917 372 ὁλοσχερῆ
949 319 1068 372 νίκην
1105 313 1322 370 ἐγγυᾶται.
1382 314 1454 355 καὶ
1487 312 1619 368 ἔγωγε
1648 310 1697 354 τὸ
1730 311 1808 365 μὲν

153 381 298 437 ὗμνεῑν
331 381 431 440 ἄρτι
461 383 537 441 τήν
570 383 613 426 ἐν
645 385 826 437 πολέμῳ
856 381 1059 438 τελευτήν
1089 383 1162 423 καὶ
1192 380 1270 438 τήν
1303 380 1377 423 ἐπὶ
1410 389 1503 430 τοῖς
1534 376 1812 435 ἀρειμανίοις

152 454 364 494 πεσοῦσιν
398 448 652 494 ἀθανασίαν
674 449 944 506 παραλιπών
977 450 1288 505 ἐπαρασαίμην
1312 442 1364 490 ἂν
1384 457 1477 497 τοῖς
1499 444 1643 498 ἄλλως
1666 447 1811 501 ἔχουσι

150 518 226 561 τὸν
256 515 352 561 κατ’
390 519 563 578 εἰρήνην
595 519 639 562 ἐκ
670 519 800 561 νόσου
831 518 1052 569 θάνατον,
1095 516 1160 566 οἷς
1190 515 1301 570 μετὰ
1333 518 1411 558 τοῦ
1444 516 1649 569 σώματος
1680 517 1751 557 καὶ
1788 511 1810 572 ἡ

155 586 267 644 ψυχή
309 587 436 643 τάφῳ
476 590 792 641 κατακρίνεται.
852 589 920 635 τίς
949 584 1031 640 γὰρ
1064 581 1139 626 οὐκ
1170 582 1263 627 οἶδε
1292 585 1379 625 τῶν
1416 578 1601 638 ἇγαθιῦν
1641 578 1812 637 ἀνδρῶν

152 653 220 696 ὅτι
252 653 331 703 τὰς
360 655 439 708 μὲν
466 654 509 697 ἐν
531 653 780 708 παρατάξει
813 652 955 707 ψυχὰς
986 651 1152 708 σιδήρῳ
1184 654 1271 693 τιῦν
1303 653 1474 706 σαρκῶν
1506 647 1816 699 ἀπολυθείσας

152 721 201 763 τὸ
234 722 555 778 καθαρώτατον
587 731 803 775 στοιχεῖον
840 719 978 799 αἶθρρ
1019 719 1258 772 ξενοδοχῶν
1299 734 1480 773 αστροις
1521 717 1814 773 ἐγκαθιδρύει,

155 790 361 843 δαίμονες
383 786 423 832 δ
451 785 617 846 αγαθοὶ
637 791 710 832 καὶ
732 784 870 843 ἥρωες
893 784 1086 842 εὐμενεῖς
1109 787 1242 837 ἰδίοις
1264 785 1457 842 εγγόνοις
1488 785 1675 842 ἕιιφανιζ
1679 802 1816 837 ονται,

152 856 230 907 τὰς
254 857 339 899 δὲ’
323 874 366 900 εν
389 860 568 900 νοσοῦσι
588 866 682 906 τοῖς
707 871 881 910 σωιιασι
906 859 1202 906 συντακείσας,
1227 872 1305 897 καν
1326 871 1382 896 τα
1403 851 1597 907 μάλιστα
1628 854 1816 910 κηλίδων

156 918 178 981 ἢ
200 925 466 979 μιασμάτων
490 939 572 967 ωσι
592 927 804 977 καθαραί,
838 922 914 974 νὺξ
942 921 1151 979 ὑπόγειος
1183 919 1391 979 ἀφανίζει
1411 923 1484 964 καὶ
1507 921 1623 979 λήθη
1648 924 1817 975 βαθεῖα

155 993 346 1046 δέχεται,
391 992 700 1047 λαμβανούσας
732 991 823 1046 α’μα
853 993 930 1034 τοῦ
961 1008 1008 1034 τε
1037 995 1138 1045 βίου
1169 992 1241 1033 καὶ
1280 992 1367 1032 τῶν
1406 988 1624 1043 σωμάτιον
1667 989 1731 1032 ε’τι
1772 989 1817 1030 δὲ

154 1063 230 1116 τῆς
260 1060 429 1118 μνήμης
459 1059 760 1116 περιγραφήν;
791 1059 829 1102 εἰ
851 1060 898 1102 δὲ
923 1060 1165 1103 κέκλωσται
1194 1058 1273 1114 μὲν
1306 1054 1570 1113 ἀνθρώποις
1601 1053 1818 1112 ἀναγκαία

156 1128 352 1186 τελευτή,
393 1127 660 1184 κουφότερον
693 1127 739 1169 δὲ
771 1127 834 1177 εἰς
866 1123 998 1184 αὗτην
1031 1127 1161 1170 νόσου
1193 1126 1342 1182 πάσης
1375 1125 1554 1182 σίδηρος
1584 1121 1817 1182 ὑπηρέτης,

158 1198 254 1246 πιῦς
286 1193 362 1238 οὒκ
394 1191 565 1250 ἀγεννὲς
595 1194 652 1250 μή
688 1195 861 1239 διδόναι
891 1205 990 1246 ταῖς
1011 1199 1181 1250 χρείαις
1202 1193 1225 1237 ὂ
1249 1196 1312 1249 τῴ
1329 1192 1469 1248 χρεων
1502 1188 1820 1246 ἀποδωσομεν,·

157 1265 228 1306 καὶ
249 1266 388 1306 ταῦτα
409 1263 487 1318 μὲν
509 1259 569 1312 (ὗς
593 1258 640 1304 οὗ
667 1263 917 1317 δυναμένων
950 1265 1153 1320 σωθῆναι
1184 1264 1271 1304 τῶν
1304 1260 1674 1318 ἐπιχειρησόντων
1707 1258 1820 1309 διεξ-

157 1333 318 1388 ῆλθον·
358 1331 499 1374 ἔνεστι
531 1330 577 1373 δὲ
609 1330 836 1382 σώζεσθαι
866 1340 959 1380 τοῖς
999 1326 1328 1386 ἀνδριζομένοις
1364 1324 1443 1371 κᾶκ
1471 1330 1559 1370 τῶν
1591 1327 1822 1384 σφαλερω-

158 1399 315 1442 τάτων.
376 1401 554 1454 πρῶτον
583 1398 663 1452 μὲν
693 1398 775 1454 γὰρ
806 1398 855 1442 τὸ
889 1397 1196 1454 καταρριφθὲν
1228 1394 1504 1451 εὐεπίβατον,
1543 1394 1700 1438 ἔπειτα
1731 1396 1822 1437 πᾶν

159 1466 208 1509 τὸ
241 1466 535 1523 οἰκοδομηθὲν
568 1462 837 1518 εὗδιάλυτον,
867 1464 991 1521 ὑμεῖς
1012 1483 1059 1509 τε
1086 1468 1268 1516 πλείοις
1301 1464 1608 1521 θαρσήσαντες
1640 1462 1716 1505 ἐπὶ
1748 1461 1823 1518 τὴν

161 1535 322 1589 πρᾶξιν
355 1531 561 1592 ἀλλήλοις
592 1533 824 1591 προτροπὴ
848 1537 919 1577 καὶ
940 1534 1134 1591 βοήθεια
1154 1537 1347 1590 γίνεσθε,
1379 1533 1452 1574 καὶ
1474 1540 1568 1581 τοῖς
1590 1532 1825 1585 πολεμίοις

159 1602 207 1645 τὸ
240 1601 448 1658 ὑμέτερον
488 1602 758 1660 παράστημα
796 1605 962 1654 ταχέως
998 1598 1151 1644 κλάσει
1182 1601 1237 1643 τὰ
1270 1599 1545 1658 φρονήματα.
1605 1600 1678 1641 καὶ
1713 1597 1825 1651 τάχα

162 1663 214 1712 ἂν
243 1667 345 1724 ὑμῖν
383 1667 649 1724 ἀναίμακτον
681 1669 729 1712 τὸ
762 1669 1036 1726 κατόρθωμα
1074 1672 1244 1725 γένοιτο
1284 1668 1420 1723 μόνον
1458 1666 1824 1723 καταρξαμένοις·

162 1733 480 1792 ἀναβαίνοντας
500 1738 579 1792 μὲν
599 1737 682 1793 γὰρ
704 1737 886 1780 κωλύειν
916 1736 1208 1793 πειράσονται
1233 1735 1344 1778 κατὰ
1366 1734 1414 1778 τὸ
1440 1730 1567 1786 εἰκός,
1601 1729 1827 1783 λαθόντας

162 1804 209 1847 δὲ
239 1806 309 1847 καὶ
340 1809 637 1859 βιασαμένους
669 1801 793 1855 ἅπαξ
821 1800 898 1847 οὐκ
929 1799 980 1847 ἂν
1010 1802 1252 1847 ὑποσταῖεν
1289 1804 1374 1856 ἔτι,
1414 1796 1494 1845 κᾶν
1526 1799 1668 1857 ὀλίγοι
1701 1801 1826 1858 φθά-

162 1887 276 1930 σητε.
337 1871 414 1915 τὸν
454 1874 500 1915 δὲ
539 1873 864 1928 καταρξάμενον
905 1873 1190 1929 αἰσχυνοίμην
1229 1865 1280 1914 δν
1313 1869 1438 1926 εἰμὴ
1481 1870 1723 1926 ποιήσαιμι
1756 1868 1827 1925 ζη-

276 2053 883 2098 PAMLVRCLatSyrHegesippus
908 2054 939 2089 V
965 2056 1003 2087 27
1031 2064 1065 2098 p.
1091 2056 1167 2089 336.

282 2114 293 2143 1
321 2113 376 2156 γε]
395 2123 435 2146 τε
453 2111 483 2144 L
554 2107 782 2150 α’ναπνοαῑσ,
807 2107 878 2147 άνα
898 2120 940 2144 ex
958 2108 1038 2146 ἄνω
1057 2119 1148 2145 corr.
1166 2109 1236 2143 uid.
1256 2111 1289 2144 A
1370 2111 1389 2141 3
1415 2107 1456 2144 ἐν
1473 2110 1541 2143 τῶι
1559 2106 1713 2151 πολέμω
1731 2106 1761 2140 L

165 2161 385 2213 οἷριμανίοισ
409 2169 441 2200 A
526 2170 547 2201 4
571 2170 728 2203 πεσοῦσι
752 2167 786 2202 R.
870 2162 1116 2211 παραλειπών
1140 2164 1407 2212 ἐπαρασαίμην
1431 2166 1462 2197 A
1488 2164 1714 2210 παραλείπω
1739 2160 1828 2198 ἐπα-

164 2224 352 2269 ρασαίμην
383 2223 497 2258 LVR*
527 2224 752 2269 παραλείπω
786 2222 1052 2270 ἐπαρασαίμην
1084 2217 1119 2257 δ’
1151 2221 1228 2256 R²C
1353 2224 1371 2256 8
1403 2218 1680 2266 καθαρότατον
1709 2219 1737 2253 Ρ

164 2276 307 2324 αἰθ-ὴρ
334 2281 365 2313 A
477 2284 496 2314 9
521 2280 559 2316 δὲ
582 2279 682 2314 LVR
788 2276 966 2325 ἐκγόνοισ
991 2277 1085 2314 VRC
1197 2281 1235 2312 10
1261 2272 1297 2313 δ’
1322 2277 1352 2311 L
1457 2275 1498 2312 ἐν
1522 2286 1590 2310 om.
1618 2276 1644 2310 C
1750 2287 1831 2310 νου-

163 2338 270 2372 σοῦσι
296 2336 339 2370 Οι
422 2342 670 2372 τοῖ*****σι
695 2336 950 2372 συντακείσασ
974 2334 1001 2368 Ρ
1086 2338 1124 2369 11
1150 2327 1393 2380 μιασμάΙῶσι
1419 2332 1445 2368 C
1526 2328 1715 2378 ὑπόγειος]
1741 2326 1833 2367 ὑπό-

164 2404 255 2427 πιοσ
279 2391 309 2425 L
396 2395 434 2426 12
459 2390 740 2439 λαμβανούσας]
767 2391 905 2425 MOLat
929 2387 1177 2437 λαμβάνουσά
1203 2403 1244 2426 τε
1268 2389 1400 2425 PAVR
1423 2385 1671 2436 λαμβάνουσα
1696 2383 1731 2422 δ’
1757 2386 1786 2420 L

169 2451 207 2482 13
233 2447 268 2484 εί
290 2448 339 2490 δὲ]
365 2446 430 2495 ἤδη
453 2449 484 2483 L
606 2452 644 2482 14
668 2445 910 2493 κουφότεροσ
935 2448 964 2481 L
1074 2442 1110 2482 δ’
1134 2446 1195 2480 LO
1308 2450 1346 2480 15
1371 2442 1508 2491 ιῖγενὲσ
1533 2445 1560 2480 C
1675 2444 1832 2490 χρείαις]

1841 315 1893 353 46

1850 854 1900 894 48

1850 1059 1902 1097 49

166 2501 293 2546 ἀξίαισ
317 2505 346 2539 L
372 2505 454 2539 usui
478 2505 547 2539 Lat
648 2500 668 2540 ὃ
694 2508 763 2552 τῷ]
788 2501 809 2540 ὃ
835 2501 878 2540 τὸ
905 2503 933 2538 Ρ
959 2497 989 2538 ὦ
1015 2499 1059 2538 τὸ
1087 2502 1185 2538 LVR
1273 2502 1392 2548 χρεὸν
1416 2501 1482 2537 VR
1587 2504 1626 2536 16
1651 2499 1834 2546 ἐπιχειρη-
1885 2506 1888 2508 “

167 2557 316 2596 σάντων
333 2562 396 2595 AL
485 2565 523 2596 17
549 2564 612 2597 καὶ
629 2560 671 2597 ἐκ
687 2560 782 2596 VRC
872 2562 910 2594 18
936 2560 1093 2607 πρῶτον
1109 2579 1149 2585 -—
1170 2562 1210 2594 21
1230 2555 1456 2605 φρονήματα
1474 2569 1509 2592 u.
1528 2560 1569 2592 22
1588 2560 1671 2602 post
1694 2569 1836 2600 καταρ-

169 2617 341 2661 ξαμένοις
366 2618 467 2662 ponit
491 2617 667 2653 Destinon
770 2620 810 2652 19
836 2614 1162 2662 ἀντοικοδομηθὲν
1186 2615 1363 2649 Destinon
1462 2610 1733 2660 θαρρήσαντεσ
1758 2612 1788 2646 L

172 2675 213 2706 20
230 2675 399 2718 γίνεσθαι
418 2674 495 2708 AC¹
581 2677 618 2709 21
640 2673 796 2719 ταχέως]
822 2671 1173 2716 AMLVRCLatSyr‚
1199 2682 1267 2706 om.
1285 2671 1313 2705 P
1398 2667 1518 2716 κλάση
1535 2670 1565 2704 L
1649 2663 1738 2715 τάχ’
1755 2670 1789 2702 Α

172 2731 214 2762 22
231 2726 278 2765 ἄν
295 2741 363 2765 om.
380 2731 410 2764 L
491 2728 588 2775 ὑμῖν]
606 2726 692 2776 ἡμῖν
707 2727 947 2764 AMLVRLat
1018 2725 1264 2772 κατώρθωμα
1282 2727 1362 2761 PA²
1438 2725 1740 2772 καταρξομὲνοισ
1758 2724 1789 2758 V

173 2786 214 2818 23
238 2786 319 2829 μὲν]
349 2786 492 2827 LCLat,
521 2797 589 2821 om.
616 2785 786 2820 PAMVR
874 2782 1082 2825 λαθόντας]
1117 2780 1385 2829 παρελθόντας
1409 2782 1599 2818 Holwerda¹
1693 2784 1735 2816 24
1759 2782 1834 2821 καὶ]

174 2850 240 2874 om.
271 2842 303 2873 A
333 2842 392 2876 uel
421 2843 527 2877 etiam
558 2843 645 2885 Lat,
676 2841 769 2876 unde
799 2837 822 2886 ἢ
854 2842 909 2875 uel
932 2837 955 2885 ἢ
979 2842 1042 2875 καὶ
1075 2839 1249 2874 Destinon
1389 2841 1430 2873 25
1462 2834 1510 2874 0‘c'v
1543 2848 1611 2873 om.
1638 2837 1701 2871 PA

174 2898 401 2942 ποιησαίμην
424 2897 454 2931 L
