2039 3282
878 221 1067 260 Praefatio.
1721 243 1747 276 X
1756 244 1801 277 IX

136 317 271 362 edidit
300 321 431 366 Iulius
453 324 726 383 Wollenberg
744 334 783 384 ¹),
817 348 898 387 quo
920 351 994 381 nos
1016 341 1079 382 usi
1102 355 1256 387 sumus.
1305 349 1495 393 eiusdem
1523 358 1564 395 et
1583 357 1735 399 aetatis
1758 363 1800 401 et

133 388 300 437 generis
331 390 536 444 reliquiae
558 400 654 437 sunt
675 399 795 442 unius
827 407 1021 457 excerpti
1043 406 1315 453 polim-oetier
1333 416 1387 469 (p.
1414 420 1506 472 297,
1531 423 1553 460 4
1574 445 1627 450 —
1644 425 1737 476 300,
1757 427 1816 475 4),

132 454 245 505 quod
277 460 394 499 extat
424 459 466 501 in
497 461 644 504 codice
675 464 866 511 Parisino
898 474 1036 527 suppl.
1068 489 1127 529 gr.
1153 480 1252 529 607,
1289 483 1399 525 unde
1432 487 1592 539 primus
1622 493 1797 543 protulit

131 519 174 562 C.
208 521 468 580 Wescher2),
501 528 638 573 denuo
671 536 847 578 eontulit
877 538 1059 583 Niesius.

242 601 339 644 Alia
369 610 464 647 sunt
495 613 695 663 excerpta
725 614 886 658 codicis
909 617 1193 664 bibliothecae
1216 624 1377 679 Regiae
1400 628 1710 684 Neapolitanae
1731 638 1792 681 ΙΙΙ

128 665 160 706 Β
205 668 253 708 18
305 670 546 726 bombycini
592 680 761 722 saeculo
806 682 893 725 fere
933 685 1034 727 XIV
1078 690 1246 744 scripti,
1304 694 1374 746 qui
1432 696 1472 737 in
1527 704 1790 752 praefatione

124 734 206 775 uol.
240 734 259 775 I
292 750 329 790 p.
362 738 488 783 XXX
526 751 780 790 memoratus
818 755 892 792 est.
954 753 1093 796 insunt
1125 756 1165 797 in
1207 771 1256 800 eo
1296 769 1498 816 excerpta
1531 779 1583 808 ex
1616 769 1788 826 Iosephi

123 802 444 855 antiquitatibus
495 815 537 851 et
587 812 698 854 bello
743 814 940 871 Iudaico,
994 832 1169 872 quorum
1224 825 1330 869 haee
1379 830 1584 885 incipiunt
1632 838 1701 880 sol.
1737 843 1787 881 77

122 871 223 921 τρία
262 868 344 926 γὰρ
386 875 509 929 παρὰ
548 872 778 930 Ἰουδαίοις
817 897 856 937 p.
898 888 990 938 176,
1024 890 1069 941 7;
1119 898 1348 944 sequuntur
1392 898 1479 941 alia
1518 915 1570 943 ex
1612 906 1786 961 reliquis

122 935 240 979 libris
286 941 430 992 petita.
511 953 755 1000 excerptum
796 950 974 1004 primum
1013 955 1068 1008 (p.
1108 959 1194 1011 176,
1230 962 1252 999 7
1283 983 1337 989 —
1372 965 1466 1019 186,
1504 970 1566 1018 13)
1610 977 1785 1019 contulit

117 1002 168 1043 A.
201 1004 310 1047 Mau.

233 1085 360 1129 Plura
382 1100 434 1130 ex
456 1090 568 1132 bello
591 1091 763 1136 Iudaico
787 1103 988 1151 excerpta
1010 1107 1105 1144 sunt
1132 1103 1174 1145 in
1207 1106 1354 1150 codice
1377 1109 1662 1160 bibliothecae
1683 1120 1782 1162 Ani-

119 1150 340 1196 brosianae
363 1155 690 1202 Mediolanensis
713 1161 747 1202 E
765 1165 788 1204 9
811 1167 1072 1218 superiorum
1100 1170 1354 1227 bombycino
1377 1182 1547 1223 saeculo
1569 1183 1656 1227 fere
1679 1187 1782 1231 XHI

118 1223 291 1262 exarato
309 1222 590 1267 miscellaneo.
634 1234 926 1282 excerptorum
950 1234 1115 1278 initium
1137 1253 1246 1283 nunc
1267 1244 1447 1287 recisum
1471 1254 1553 1302 est3
1577 1251 1782 1307 incipiunt

114 1296 154 1336 p.
179 1288 216 1339 5,
238 1287 287 1327 18
310 1285 509 1343 ὀδυρμῶν
539 1290 803 1348 ἐπικρατεῖν,
835 1298 1032 1344 desinunt
1062 1305 1104 1346 in
1135 1306 1260 1350 finem
1293 1311 1389 1354 libri
1411 1316 1581 1369 septimi
1612 1320 1780 1364 adiecta

113 1351 421 1406 subscriptione
460 1355 656 1401 ἐνταῦθα
696 1364 987 1420 πεπλήρωται
1029 1369 1103 1412 διὰ
1142 1375 1229 1415 τῶν
1260 1375 1496 1434 οἰκτιρμῶν
1527 1386 1604 1426 τοῦ
1631 1390 1682 1439 χῖ)
1723 1390 1777 1431 τὰ

112 1415 228 1460 ἑπτὰ
256 1422 409 1474 βιβλία
440 1428 543 1479 περὶ
574 1429 651 1482 τῆς
684 1427 893 1473 ἷουόαίων
925 1431 1134 1488 ἁλώσεως
1166 1442 1356 1496 φλαυΐου
1398 1446 1613 1506 ἰωσήπου.
1682 1464 1778 1510 post

111 1487 462 1543 subscriptionem
513 1508 606 1537 cum
653 1506 895 1552 superesset
938 1507 1142 1561 spatium,
1194 1510 1390 1557 librarius
1435 1518 1521 1561 alia
1576 1532 1777 1579 excerpta

107 1552 285 1598 addidit.

221 1623 394 1668 Praeter
426 1626 531 1671 haec
562 1632 680 1674 uaria
711 1646 765 1675 ex
795 1634 977 1690 Iosepho
1009 1648 1210 1696 excerpta
1241 1646 1282 1687 in
1314 1648 1582 1698 bibliothecis
1614 1661 1773 1711 passim

107 1692 261 1732 extant.
312 1694 428 1735 uelut
457 1698 627 1750 saepius
657 1704 885 1754 separatim
917 1709 1131 1762 exscripta
1162 1716 1225 1754 est
1256 1717 1388 1759 oratio
1410 1719 1628 1777 Agrippae
1659 1730 1771 1781 regis

106 1767 159 1797 ex
190 1757 298 1801 libro
328 1760 562 1818 11345sq.;
599 1767 676 1809 sed
707 1769 810 1812 talia
840 1774 1077 1818 recentiora
1108 1780 1341 1825 omittenda
1372 1793 1501 1829 erant.

216 1836 282 1878 Ex
321 1853 474 1894 magno
515 1844 707 1888 codicum
748 1861 922 1892 numero
961 1854 1143 1909 aliisque
1184 1860 1435 1906 testimoniis
1475 1869 1576 1911 satis
1608 1875 1769 1927 perspi—

103 1903 229 1958 citur,
270 1912 426 1959 quanto
471 1911 611 1954 studio
651 1927 744 1955 cum
785 1920 925 1960 cetera
954 1918 1127 1976 Iosephi
1159 1939 1289 1979 opera
1320 1932 1406 1971 tum
1439 1933 1597 1978 bellum
1628 1939 1768 1983 Iudai-

102 1983 194 2012 cum
233 1972 345 2016 lecta
383 1977 478 2019 sint.
550 1993 679 2033 quare
718 1986 763 2024 ut
802 1985 929 2026 etiam
970 1988 1031 2030 eis
1073 1992 1145 2043 qui
1184 1993 1346 2038 Graece
1389 2002 1634 2047 nesciebant
1674 2010 1767 2050 usui

102 2044 234 2093 esset,
275 2041 413 2084 factae
452 2050 548 2088 sunt
589 2048 801 2088 nem-iones
830 2050 1033 2109 Latinae,
1075 2071 1251 2111 quarum
1283 2068 1429 2108 extant
1459 2068 1581 2114 duae.
1632 2075 1767 2118 altera

100 2106 226 2159 uulgo
260 2107 414 2152 dicitur
444 2110 695 2168 Heyesepln',
728 2118 843 2170 quod
876 2133 1029 2164 nomen
1060 2137 1315 2181 quamquam
1346 2132 1498 2177 falsum
1531 2143 1593 2181 est
1624 2146 1765 2185 tamen

101 2175 298 2224 quoniam
344 2181 384 2219 et
429 2191 506 2222 usu
550 2181 803 2226 inueterauit
841 2200 979 2241 neque
1018 2191 1333 2239 incommodum
1372 2206 1435 2244 est
1482 2217 1557 2247 nos
1597 2220 1765 2262 quoque

99 2241 358 2286 retinuimus.
410 2260 454 2289 re
478 2249 589 2290 enim
611 2263 712 2293 uera
733 2252 968 2309 Hegesippi
993 2259 1084 2301 siue
1105 2260 1310 2318 Egesippi
1340 2280 1493 2311 nomen
1525 2277 1764 2329 corruptela

99 2312 231 2350 ortum
280 2316 349 2353 'est
399 2326 451 2355 ex
498 2315 641 2371 Ios-epi
680 2325 752 2362 aut
795 2321 975 2377 Iosippc‘,
1029 2327 1141 2379 quod
1187 2330 1228 2371 in
1273 2335 1566 2388 antiquissimo
1613 2342 1760 2386 codice

99 2374 377 2421 Ambrosiano
403 2382 584 2436 aliisque
616 2390 733 2429 extat
749 2390 791 2438 3).
843 2392 936 2444 quis
967 2405 1092 2436 uerus
1122 2401 1269 2440 auctor
1299 2400 1354 2442 sit
1386 2401 1507 2446 huius
1539 2409 1758 2464 uersionis,

96 2452 178 2484 non
209 2451 391 2501 constat;
430 2449 474 2490 in
504 2451 784 2498 Ambrosiano
826 2459 1008 2512 aliisque
1050 2462 1268 2508 codicibus
1299 2468 1523 2514 Ambrosio
1557 2475 1757 2530 episeopo

208 2610 240 2651 1)
263 2616 496 2649 recensentur
517 2616 688 2654 LXXVII
711 2621 781 2656 loci
805 2633 848 2657 ex
869 2625 972 2661 Flaui
990 2627 1135 2672 Iosephi
1158 2631 1302 2675 scriptis
1328 2636 1489 2679 excerpti
1507 2639 1756 2684 (proyr‘annne

93 2658 334 2700 d'z'nuitatwn
365 2668 409 2704 de
440 2670 622 2708 l'examen
654 2675 781 2720 publio
814 2679 862 2714 du
893 2681 1029 2728 collhqe
1058 2685 1168 2731 νομαί
1193 2687 1377 2736 ftcmqais,
1415 2692 1499 2735 fixe'
1527 2705 1574 2728 (cu
1605 2697 1650 2728 29
1674 2707 1754 2742 sep-

92 2717 222 2754 tembre
245 2723 353 2765 4874.)
376 2735 412 2768 p.
439 2728 583 2763 27—33.
679 2734 710 2774 2)
734 2732 1003 2783 Polior-cecique
1026 2739 1089 2775 des
1116 2742 1224 2778 Grecs
1246 2756 1281 2788 p.
1308 2747 1385 2781 3:38.
1503 2752 1535 2791 3)
1559 2750 1596 2784 in
1630 2752 1753 2787 codice

92 2772 324 2812 Ambrosiano
348 2779 384 2814 in
409 2784 557 2820 secundi
580 2785 661 2820 libri
684 2788 785 2824 titulo
812 2790 990 2840 qusippi
1014 2806 1035 2831 a
1061 2802 1262 2834 correctore
1292 2811 1334 2836 ex
1359 2801 1504 2850 Iosippe'
1525 2805 1661 2841 factum
1686 2812 1751 2843 est.

92 2826 128 2860 in
153 2830 274 2866 codice
297 2833 536 2880 Neapolitano
560 2841 622 2876 lat.
646 2843 720 2878 VF
741 2848 782 2880 34
807 2850 941 2883 saeculi
964 2851 1015 2885 IX
1040 2852 1235 2900 Hegesippi
1258 2867 1385 2892 nomen
1411 2869 1455 2894 ne
1480 2865 1578 2896 extat
1600 2863 1750 2906 quidem,

89 2880 178 2918 libro
202 2889 319 2923 autem
344 2894 449 2928 tertio
474 2896 727 2934 subscribitur:
761 2904 912 2948 explicit
943 2907 1177 2945 historiarum
1208 2912 1325 2958 iosepz'
1353 2913 1443 2950 liber
1468 2918 1593 2952 tertius
1624 2919 1752 2964 incipit

88 2938 242 2975 eiusdem
273 2943 360 2980 liber
383 2955 547 2992 quartus,
587 2956 739 2992 contulit
763 2959 798 3000 (i.
825 2969 854 2994 e.
881 2963 1040 3006 contuli).

1424 3037 1541 3071 b...
