1987 3246
215 145 240 181 4
656 144 721 178 DE
746 144 906 179 BELLO
930 144 1027 179 IUD.
1053 145 1070 178 I
1095 148 1182 180 4-8
1207 149 1353 189 (Pu-ouem.
1380 153 1407 178 2.
1436 149 1467 188 3)

165 262 189 299 4
324 260 361 298 2.
400 258 631 311 γενομένου
666 251 768 311 γάρ,
810 252 869 305 ὥς
901 255 1023 312 ἔφην,
1055 260 1260 312 μεγίστου
1291 260 1419 302 τοῦδε
1449 261 1527 302 τοῦ
1556 258 1791 314 κινήματος
1823 259 1867 303 ἐν

208 322 435 376 Ῥωμαίοις
472 322 550 375 μὲν
593 321 735 364 ένόσει
772 321 827 363 τὰ
869 321 1025 375 οἰκεῖα,
1062 319 1285 368 Ἰουδαίων
1327 326 1372 369 δὲ
1402 325 1450 369 τὸ
1485 326 1736 381 νεωτερίζον
1766 327 1867 370 τότε

211 392 548 444 τεταραγμένοις
587 388 802 446 ἐπανέστη
841 398 934 439 τοῖς
971 400 1141 446 καιροῖς
1182 387 1371 446 ἆκμάζον
1410 393 1520 436 κατά
1559 410 1606 436 τε
1638 403 1763 448 χεῖρα
1792 396 1865 437 καὶ

207 457 445 513 χρήμασιν,
485 453 545 505 ῶς
574 453 634 499 δι)
670 454 917 511 ὑπερβολὴν
947 458 1155 512 θορύβων
1185 469 1278 510 τοῖς
1307 461 1386 514 μὲν
1418 460 1462 503 ἐν
1494 460 1644 503 ἐλπίδι
1674 460 1866 518 κτήσεως

165 529 188 565 5
210 533 304 573 τοῖς
326 520 364 565 6'
391 522 434 565 έν
457 519 733 579 ἀφαιρέσεως
756 526 844 567 δέει
873 529 1081 580 γίνεσθαι
1111 524 1167 567 τὰ
1198 526 1312 580 πρὸς
1342 527 1419 583 τὴν
1450 524 1676 581 ἀνατολήν,
1710 527 1861 584 ἐπειδὴ

206 586 411 633 Ιουδαῖοι
438 590 516 643 μὲν
549 585 668 633 άπαν
697 590 746 634 τὸ
779 589 891 646 ὑπὲρ
913 591 1149 649 Εὐφράτην
1179 590 1405 650 ὁμόφυλον
1437 595 1868 651 συνεπαρθήσεσθαι

213 662 366 714 σφίσιν
402 654 619 717 ἤλπισαν,
655 655 890 737 Ρωμαίους
929 660 975 702 δὲ
1006 660 1053 702 οί
1079 676 1127 702 τε
1155 664 1345 716 γείτονες
1377 661 1575 704 Γαλάται
1605 666 1868 717 παρεκίνουν

211 727 281 768 καὶ
321 725 369 768 τὸ
411 724 622 768 Κελτικον
661 721 735 768 οῦκ
773 722 943 782 ἠρέμει,
983 743 1122 781 μεστά
1163 724 1204 769 6
1250 726 1300 785 ἠν
1340 728 1486 771 πάντα
1520 730 1727 785 θορύβων
1758 728 1868 783 μετὰ

215 796 409 846 Νέρωνα,
441 794 513 835 καὶ
535 792 727 843 πολλοις
757 794 834 846 μὲν
863 796 1095 848 βασιλειᾶν
1127 792 1148 837 ὁ
1181 795 1333 850 καιρὸς
1364 791 1616 847 ἀνέπειθεν,
1646 795 1702 838 τὰ
1735 811 1867 851 στρα-

167 864 191 902 6
213 859 396 902 τιωτικὰ
436 860 482 902 δὲ
519 856 604 917 ἤρα
638 862 884 918 μεταβολῆς
916 861 1065 904 ἐλπίδι
1098 861 1357 919 λημμάτων·
1398 859 1565 904 ἄτοπον
1595 861 1867 919 ἡγησάμενος

210 928 427 982 περιιδεῖν
450 927 723 985 πλαζομένην
755 928 827 970 ἐπὶ
860 929 1132 986 τηλικούτοις
1164 929 1392 985 πράγμασι
1422 928 1500 986 την
1531 925 1762 984 ἀληθειαν,
1793 931 1864 972 καὶ

210 995 428 1049 Πάρθους
467 995 545 1048 μὲν
582 997 654 1038 καὶ
687 998 997 1050 Βαβυλωνίους
1022 993 1225 1052 Ἀράβων
1264 1013 1311 1039 τε
1350 995 1452 1046 τοὺς
1491 997 1764 1050 πορρωτάτω
1794 998 1867 1040 καὶ

210 1061 258 1104 τὸ
302 1059 413 1116 ὑπὲρ
446 1057 679 1118 Εὐφράτην
711 1060 938 1119 ὁμόφυλον
967 1062 1071 1119 ἡμῖν
1099 1060 1388 1121 Ἀδιαβηνούς
1417 1080 1465 1105 τε
1493 1066 1655 1118 γνῶναι
1687 1063 1760 1106 διὰ
1791 1066 1868 1119 τῆς

212 1128 316 1185 ἐμῆς
355 1128 609 1183 ἐπιμελείας
649 1125 858 1184 ἀκριβῶς,
900 1126 1008 1174 ὅθεν
1038 1148 1085 1173 τε
1115 1129 1275 1188 ἤρξατο
1306 1133 1379 1174 καὶ
1411 1126 1470 1173 δι’
1506 1130 1623 1173 ὅσων
1655 1129 1868 1188 ἐχώρησεν

210 1199 377 1238 παθῶν
422 1194 443 1239 ὁ
491 1196 686 1250 πόλεμος
728 1199 801 1240 καὶ
846 1194 969 1249 ὅπως
1012 1202 1329 1254 κατέστρεψεν,
1377 1194 1547 1253 ἀγνοεῖν
1587 1197 1633 1240 δὲ
1658 1193 1869 1255 Ἕλληνας

210 1265 348 1305 ταῦτα
386 1265 458 1305 καὶ
492 1260 714 1317 Ῥωμαίων
754 1263 855 1315 τοὺς
893 1264 951 1322 μὴ
994 1265 1495 1321 ἐπιστρατευσαμένους,
1535 1263 1869 1320 ἐντυγχάνοντας

210 1323 237 1383 ἢ
268 1331 517 1379 κολακείαις
546 1324 572 1388 ἢ
608 1331 857 1385 πλάσμασι.

165 1402 186 1440 7
323 1400 361 1439 3.
407 1401 568 1441 Καίτοι
611 1415 659 1453 γε
703 1399 900 1454 ἱστορίας
946 1396 1079 1450 αὐτὰς
1126 1399 1388 1455 ἐπιγράφειν
1427 1400 1668 1452 τολμῶσιν,
1714 1397 1758 1440 ἐν
1799 1397 1869 1448 αἷς

213 1463 327 1520 πρὸς
357 1466 420 1519 τῷ
449 1464 584 1521 μηδὲν
614 1462 730 1520 ὑγιὲς
762 1466 917 1522 δηλοῦν
947 1469 1020 1510 καὶ
1050 1470 1128 1510 τοῦ
1159 1469 1328 1509 σκοποῦ
1359 1467 1560 1509 δοκοῦσιν
1592 1465 1739 1520 ἔμοιγε
1770 1465 1869 1508 δια-

210 1531 461 1588 μαρτάνειν.
509 1532 744 1585 βούλονται
781 1550 859 1587 μεν
896 1533 979 1612 γὰρ
1018 1533 1232 1589 μεγάλους
1269 1550 1373 1584 τους
1407 1531 1644 1587 Ρωμαίους
1683 1529 1868 1576 άποδει-

165 1599 372 1651 8κνύειν,
411 1599 761 1654 καταβάλλουσιν
799 1601 846 1642 δὲ
885 1597 954 1644 dez
992 1601 1046 1643 τὰ
1073 1598 1295 1644 Ιουδαίων
1334 1603 1406 1644 καὶ
1445 1603 1751 1644 ταπεινοῦσιν·
1793 1600 1867 1654 οὐχ

212 1663 302 1719 ὁρῶ
333 1667 391 1718 δέ,
424 1669 520 1716 πῶς
552 1684 603 1708 αν
635 1665 747 1710 εἶναι
777 1667 959 1722 μεγάλοι
991 1668 1158 1711 δοκοῖεν
1191 1668 1232 1710 οἶ
1263 1684 1443 1723 μικρους
1474 1667 1761 1724 νενικηκότες·
1793 1669 1866 1710 καὶ

212 1730 312 1775 ου’τε
332 1733 380 1776 τὸ
403 1736 538 1791 μῆκος
560 1734 788 1777 αἰδοῦνται
808 1737 885 1777 τοῦ
906 1737 1100 1789 πολέμου
1132 1733 1231 1777 οὔτε
1260 1734 1309 1777 τὸ
1343 1736 1521 1790 πλῆθος
1550 1737 1627 1792 τῆς
1644 1733 1867 1788 Ῥωμαίων

211 1799 431 1857 καμούσης
453 1803 662 1856 στρατιᾶς
684 1799 783 1843 οὔτε
803 1801 851 1843 τὸ
874 1805 1064 1857 μέγεθος
1093 1805 1180 1844 τῶν
1212 1804 1477 1858 στρατηγῶν,
1510 1804 1553 1844 οἳ
1583 1800 1728 1844 πολλὰ
1761 1804 1866 1857 περὶ

211 1876 304 1916 τοῖς
330 1864 646 1923 Ἱεροσολύμοις
686 1868 949 1923 ἱδρώσαντες
988 1867 1111 1923 οἶμαι
1149 1871 1493 1922 ταπεινουμένου
1528 1871 1605 1911 τοῦ
1635 1868 1866 1923 κατορθώ-

214 1950 352 1987 ματος
384 1933 533 1984 αὐτοῖς
563 1931 809 1985 ἀδοξοῦσιν.

327 2046 603 2082 PMLVNCLat

329 2106 344 2137 1
359 2102 489 2137 abhinc
506 2114 618 2146 usque
634 2104 680 2139 ad
697 2115 732 2138 u.
749 2106 787 2137 14
807 2097 909 2139 ὅσων
925 2114 996 2138 non
1012 2113 1127 2147 pauca
1143 2107 1364 2138 euanuerunt
1380 2103 1508 2147 partim
1524 2103 1660 2146 repieta
1677 2103 1704 2137 P
1749 2100 1867 2149 κι-νή·

213 2171 338 2202 ματοσ
362 2159 388 2193 C
481 2157 522 2194 ἐν
546 2169 636 2193 eras.
662 2159 688 2193 O
781 2161 800 2193 2
825 2156 971 2206 ῥώμοισ
995 2159 1027 2193 N
1120 2159 1168 2200 δὲ]
1195 2172 1235 2195 τε
1261 2158 1387 2194 LVNC
1494 2161 1512 2192 3
1538 2157 1683 2204 ἐπέστη,
1707 2158 1730 2193 i.
1755 2169 1864 2203 marg.

213 2213 398 2260 ἐπανέστη
423 2214 453 2247 V
551 2211 788 2259 α’·κ·μάζον
812 2214 838 2248 C
931 2218 952 2249 4
975 2213 1017 2250 ἐν
1041 2226 1108 2250 om.
1136 2215 1203 2249 PM
1296 2218 1315 2248 5
1340 2214 1379 2251 δὲ
1403 2214 1429 2248 C
1543 2214 1720 2260 γενέσθαι
1743 2215 1776 2250 V

212 2268 280 2316 τὴν
304 2281 331 2305 S.
358 2270 388 2304 V
482 2274 501 2304 6
528 2266 735 2315 ὁμόφυλον]
763 2267 959 2316 ὁμόφυλον
982 2267 1069 2316 ἡμῖν
1092 2270 1220 2305 LVNC
1328 2268 1687 2317 ξυνεπαρθήσασθαι
1711 2269 1777 2304 LN

215 2330 230 2358 7
257 2327 419 2372 γαλάται
436 2339 490 2362 πα
507 2327 509 2369 ἱ
528 2327 711 2373 ρεκίνουν,
735 2327 801 2361 litt.
820 2339 935 2362 ταιπα
953 2328 1047 2360 ultra
1064 2327 1206 2360 solitum
1224 2336 1349 2362 uersus
1367 2327 1521 2372 spatium
1537 2327 1733 2370 productae
1749 2336 1864 2368 euan„

214 2384 386 2429 ρεκίνουν
409 2383 430 2417 i.
449 2392 519 2417 ras.
537 2385 624 2416 4—5
641 2383 709 2416 litt.
728 2383 755 2416 P
825 2385 843 2416 8
862 2378 911 2423 δ’]
938 2382 976 2418 δὲ
994 2382 1119 2417 LVNC
1145 2393 1213 2427 que
1229 2383 1308 2425 Lat,
1334 2383 1428 2417 unde
1452 2378 1488 2418 τ’
1506 2382 1613 2417 Niese
1688 2385 1708 2417 9
1733 2381 1863 2429 νέρω·

214 2452 260 2474 να
284 2439 316 2473 V
430 2440 637 2485 βασιλειᾶν]
667 2441 840 2483 βασιλεῖσ
863 2438 932 2472 ΡΜ
962 2442 997 2473 et
1020 2439 1041 2472 i.
1066 2448 1176 2481 marg.
1201 2438 1233 2473 V
1257 2440 1454 2485 βασιλείαν
1478 2438 1542 2472 LN
1572 2449 1675 2484 reyes
1706 2438 1776 2473 Lat

217 2497 256 2528 10
282 2491 441 2535 ἄτοπον]
468 2492 616 2530 ἄτοπον
642 2487 708 2529 οῦν
732 2493 898 2528 LNCLat
1041 2491 1234 2540 ἡγησάμην
1257 2494 1384 2529 LVNC
1408 2494 1503 2528 duxi
1522 2494 1606 2538 Lat3
1632 2491 1866 2540 ἡγησάμενος

213 2550 359 2594 respicit
375 2551 420 2584 ad
437 2551 458 2594 ξ
473 2554 510 2594 3;
538 2551 558 2593 ς
577 2554 597 2584 4
614 2552 649 2584 et
666 2553 685 2584 5
703 2550 921 2595 (γενομένου
937 2570 975 2575 -
990 2548 1204 2596 λημμάτων)
1221 2551 1257 2584 in
1274 2550 1476 2594 parenthesi
1492 2550 1702 2594 interposita
1725 2554 1808 2585 sunt

217 2608 256 2639 12
282 2602 466 2653 α’ρράβων
488 2606 518 2640 L
615 2609 655 2640 14
678 2604 783 2651 ἐμῆσ,
807 2604 852 2650 ἐμ
877 2605 1020 2640 dubium
1044 2607 1071 2640 P
1166 2600 1260 2641 ὅσον
1284 2605 1314 2639 L
1417 2608 1454 2639 16
1477 2602 1526 2650 μὴ
1552 2616 1618 2640 om.
1644 2605 1674 2639 L
1752 2618 1864 2650 στρα-

215 2661 468 2705 τευσαμένουσ
490 2662 520 2696 V
584 2665 624 2696 20
650 2659 724 2709 γὰρ
747 2659 937 2707 μεγάλουσ
959 2662 1028 2705 μὲν
1051 2666 1095 2697 tr.
1121 2662 1249 2697 LVNC
1313 2665 1349 2696 21
1375 2658 1732 2708 καταβάλλουσιν-
1747 2665 1788 2696 22
1804 2665 1864 2698 δο-

214 2721 331 2759 κοῖεν]
361 2718 385 2752 i.
409 2728 479 2753 ras.
505 2720 548 2752 35
573 2718 648 2752 fere
671 2717 739 2752 litt.
764 2717 814 2760 V,
846 2728 914 2752 om.
933 2717 958 2750 C
1062 2716 1121 2759 τὰ]
1146 2714 1191 2753 τὸ
1218 2718 1249 2753 V
1352 2719 1393 2751 22
1425 2713 1516 2762 ὁρῶ]
1549 2713 1668 2763 ὁρῶσι
1698 2717 1865 2754 MLVNC

215 2773 383 2818 z'ncelleqo
406 2773 476 2808 Lat
567 2773 614 2815 οὶ]
640 2776 704 2810 καὶ
728 2773 754 2808 Ο
846 2771 1040 2810 νενικότεσ
1063 2773 1090 2807 Ρ
1184 2776 1224 2807 23
1251 2770 1457 2818 ’τὸ-μῆκσσ
1480 2773 1546 2815 (bis
1571 2783 1660 2808 eras.
1686 2776 1719 2816 v)
1743 2773 1775 2808 V

216 2830 257 2861 24
282 2826 477 2875 καμούσησ
509 2828 691 2876 ῥωμαίων
720 2832 764 2863 tr.
790 2829 935 2872 LVNC3
967 2830 1117 2863 alterum
1143 2832 1261 2863 utrum
1291 2833 1354 2864 aut
1372 2825 1566 2873 Ῥωμαίων
1589 2832 1651 2863 aut
1675 2827 1867 2876 καμούσης

215 2886 419 2927 suspectum
482 2888 522 2919 25
550 2889 753 2927 (ταπεινου)
769 2885 781 2930 ΙΙ
792 2884 909 2929 μένου
932 2884 1041 2929 incip.
1068 2895 1193 2919 manus
1217 2886 1364 2930 antiqua.
1379 2885 1409 2919 L
1480 2887 1522 2919 26
1547 2879 1654 2921 αὐτοὶ
1679 2885 1864 2920 Lowthius

1898 871 1935 903 10

1898 1207 1935 1239 15

1898 1543 1935 1576 20

1896 1880 1933 1912 25
