1987 3246
72 389 150 429 120

71 657 145 696 121

71 994 149 1033 122

72 1263 150 1302 123

72 1465 151 1504 124

181 142 234 178 28
552 139 620 173 DE
645 139 804 174 BELLO
830 138 927 174 IUD.
952 139 969 172 I
998 142 1173 175 119—124
1197 146 1239 181 (v
1259 147 1286 173 4.
1310 146 1355 174 VI
1383 147 1408 173 1.
1436 143 1468 182 2)

181 254 330 294 ελθεῖν
366 247 634 305 Ἀλεξάνδρα
677 249 753 292 τὸν
788 246 1128 306 Ἀριστόβουλον
1171 255 1248 309 τῆς
1291 249 1514 310 τάδελφοῦ
1558 252 1834 303 καταλύσεως

180 319 360 374 τελευτᾷ
391 317 653 371 διοικήσασα
683 316 761 372 τὴν
794 312 926 373 ἀρχὴν
957 317 1098 360 ἔτεσιν
1130 318 1265 362 ἐννέα.

296 386 365 427 VI.
401 389 437 426 1.
469 386 556 426 Καὶ
578 383 845 441 κληρονόμος
869 385 948 438 μὲν
977 383 1029 440 ήν
1058 388 1146 428 τῶν
1177 382 1290 429 ὅλων
1307 386 1517 443 Ὑρκανός,
1549 383 1584 442 ᾧ
1615 388 1686 429 καὶ
1718 386 1834 438 ζῶσα

179 451 256 509 τὴν
293 452 524 505 βασιλείαν
564 451 840 505 ἐνεχείρισεν,
880 450 1062 505 δυνάμει
1101 453 1147 495 δὲ
1184 455 1256 496 καὶ
1299 454 1547 511 φρονήματι
1576 462 1779 509 προεῖχεν
1810 451 1831 495 ὁ

181 519 531 575 Ἀριστόβουλος.
580 521 812 574 γενομένης
834 518 880 560 δὲ
906 515 1055 569 αὐτοῖς
1086 521 1189 575 περὶ
1217 523 1304 564 τῶν
1335 521 1449 564 ὅλων
1481 522 1701 578 συμβολῆς
1731 522 1836 575 περὶ

175 584 432 642 Ἱεριχοῦντα
453 585 772 636 καταλιπόντες
793 586 836 628 οἱ
858 587 1018 629 πολλοὶ
1038 586 1115 629 τὸν
1132 585 1333 643 Ὑρκανὸν
1353 593 1692 643 μεταβαίνουσιν
1723 587 1836 642 πρὸς

180 653 257 696 τὸν
273 649 631 709 Ἀριστόβουλον.
681 649 702 696 0‘
728 654 774 696 δὲ
795 653 905 707 μετὰ
927 656 1014 696 τῶν
1040 655 1368 708 συμμεινάντων
1400 655 1568 712 φθάνει
1600 654 1836 712 συμφυγών

180 720 256 764 ἐπὶ
275 720 355 783 τὴν
371 717 611 763 Ἀντωνίαν
632 723 704 763 καὶ
725 721 954 774 κυριεύσας
974 724 1060 765 τῶν
1082 721 1197 777 πρὸς
1227 726 1447 778 σωτηρίαν
1479 720 1666 780 ὁμήρων·
1696 725 1837 765 ταῦτα

180 788 227 830 δ’
266 785 318 845 ήν
356 785 381 845 ἡ
408 783 750 844 Ἀριστοβούλου
789 787 892 846 γυνὴ
923 788 1034 842 μετὰ
1064 792 1150 831 τῶν
1179 792 1353 832 τέκνων.
1414 785 1565 843 ἇμέλει
1594 791 1700 845 πρὶν
1733 785 1836 847 ἇνη-

178 859 333 899 κέστου
375 856 555 906 πάθους
596 856 885 913 διελύθησαν,
933 852 1046 899 ὥστε
1081 856 1332 911 βασιλεύειν
1369 857 1448 911 μὲν
1482 852 1837 913 Ἀριστόβουλον,

175 921 379 978 Ὑρκανὸν
417 924 464 966 δὲ
503 923 714 966 ἐκστάντα
752 925 829 980 τῆς
866 921 997 981 ἄλλης
1029 919 1270 967 ἀπολαύειν
1300 926 1429 981 τιμῆς
1459 919 1612 979 ὥσπερ
1644 920 1836 980 ἀδελφὸν

179 991 410 1045 βασιλέως.
463 990 538 1033 ἐπὶ
558 990 729 1041 τούτοις
751 991 1055 1047 διαλλαγέντες
1077 990 1120 1033 έν
1140 994 1204 1047 τῷ
1226 992 1330 1047 ἱερῷ
1351 994 1422 1034 καὶ
1443 994 1520 1034 τοῦ
1551 993 1657 1033 λαοῦ
1688 1007 1837 1046 περιε-

182 1061 349 1107 στῶτος
390 1058 675 1115 φιλοφρόνως
706 1054 920 1115 ἀλλήλους
951 1054 1262 1113 ἀσπασάμενοι
1294 1058 1535 1116 διήμειψαν
1565 1058 1644 1108 τὰς
1675 1058 1836 1109 οἰκίας·

175 1121 519 1180 Ἀριστόβουλος
540 1126 618 1179 μὲν
638 1125 720 1181 γὰρ
744 1126 806 1176 εἰς
835 1125 890 1168 τὰ
921 1127 1138 1180 βασίλεια,
1167 1124 1367 1181 Ὑρκανὸς
1398 1126 1444 1168 δὲ
1477 1123 1746 1183 ἀνεχώρησεν
1777 1126 1839 1176 εἰς

180 1191 259 1248 τήν
287 1188 625 1248 Ἀριστοβούλου
658 1193 812 1235 οἰκίαν.

296 1264 334 1302 2.
356 1263 471 1310 Δέος
489 1260 534 1302 δὲ
550 1270 642 1310 τοῖς
657 1277 705 1302 τε
726 1257 877 1310 ἄλλοις
896 1262 983 1302 τῶν
998 1257 1353 1316 Ἀριστοβούλου
1377 1260 1604 1317 διαφόρων
1625 1260 1840 1314 ἐμπίπτει

182 1323 292 1381 παρ’
327 1326 489 1369 ἐλπίδα
510 1327 804 1383 κρατήσαντος
824 1329 896 1370 καὶ
917 1327 1110 1381 μάλιστα
1126 1323 1409 1383 Ἀντιπάτρῳ
1434 1326 1578 1369 πάλαι
1610 1327 1840 1382 διαμισου-

179 1397 310 1450 μένῳ.
368 1397 491 1449 γένος
531 1393 573 1436 δ’
606 1386 658 1451 ἦν
683 1390 924 1447 Ἰδουμαῖος
954 1395 1182 1450 προγόνων
1212 1412 1258 1437 τε
1290 1394 1410 1437 ἕνεκα
1440 1396 1510 1437 καὶ
1543 1394 1737 1436 πλούτου
1768 1396 1837 1437 καὶ

180 1463 256 1518 τῆς
279 1458 412 1518 ἄλλης
442 1461 589 1514 ἰσχύος
618 1462 856 1516 πρωτεύων
886 1464 965 1504 τοῦ
996 1462 1167 1511 ἔθνους.
1219 1458 1345 1512 οὗτος
1375 1457 1466 1516 ἕὲμα
1495 1464 1567 1504 καὶ
1598 1461 1674 1503 τὸν
1692 1459 1840 1515 Ὑρκα-

1868 866 1907 898 10

1869 1201 1907 1234 15

181 1527 256 1571 νὸν
286 1525 447 1585 Ἀρέτᾳ
487 1529 801 1585 προσφυγόντα
838 1531 900 1584 τῷ
938 1531 1113 1581 βασιλεῖ
1150 1531 1227 1587 τῆς
1251 1525 1465 1583 Ἀραβίας
1505 1524 1843 1586 ἀνακτήσασθαι
1871 1538 1907 1570 20

179 1595 257 1652 τὴν
294 1597 525 1650 βασιλείαν
567 1596 750 1638 ἔπειθεν
790 1598 862 1638 καὶ
892 1596 968 1638 τὸν
994 1594 1178 1653 Ἀρέταν
1210 1596 1429 1646 δέξασθαί
1457 1612 1504 1638 τε
1534 1594 1610 1637 τὸν
1636 1593 1838 1649 Ὑρκανὸν

181 1665 253 1706 καὶ
290 1673 547 1718 καταγαγεῖν
587 1663 660 1705 ἐπὶ
701 1662 778 1719 τὴν
818 1659 970 1719 ἀρχήν,
1010 1662 1155 1705 πολλὰ
1194 1664 1273 1717 μὲν
1302 1662 1379 1705 τὸν
1405 1659 1746 1719 Ἀριστόβουλον
1778 1662 1841 1711 εἷς

179 1729 229 1773 τὸ
276 1721 391 1786 ἦθος
437 1730 705 1785 διαβάλλων,
753 1731 898 1773 πολλὰ
943 1726 984 1772 δ)
1035 1729 1229 1773 ἐπαινῶν
1273 1730 1350 1773 τὸν
1391 1728 1591 1785 Ὑρκανὸν
1638 1729 1840 1786 [παρῄνει

183 1796 430 1853 δέξασθαι],
462 1800 533 1840 καὶ
556 1795 615 1847 (ὗς
636 1801 810 1852 πρέπον
832 1797 898 1854 εἴη
930 1797 1005 1840 τὸν
1037 1798 1151 1840 οὕτω
1183 1799 1389 1852 λαμπρᾶς
1419 1799 1680 1852 προεστῶτα
1708 1800 1839 1851 βασι-

182 1866 302 1915 λείας
338 1862 564 1918 ὗπερέχειν
591 1874 715 1918 χεῖρα
745 1867 807 1920 τῷ
839 1861 1131 1921 ἀδικουμένῳ·
1172 1862 1430 1908 ἀδικεῖσθαι
1461 1865 1507 1907 δὲ
1537 1864 1613 1906 τὸν
1639 1861 1840 1920 Ὑρκανὸν

297 1972 317 2013 ξ
346 1971 560 2004 120=Ant.
586 1947 663 2005 iud.
687 1970 772 2004 xlv
797 1973 828 2004 4.

294 2064 833 2108 PAMLVRCLatHegesippus
856 2065 873 2098 I
902 2068 939 2097 13
965 2076 997 2108 p.
1026 2068 1078 2099 18.

299 2126 312 2155 1
343 2117 573 2162 οἷλεξάνὸραν
596 2118 694 2152 LVR
808 2114 878 2153 τὸν
902 2128 968 2152 om.
996 2118 1022 2152 C
1136 2121 1215 2163 τῆσ,
1241 2132 1260 2154 τ
1284 2118 1306 2152 i.
1332 2127 1403 2151 ras.
1430 2119 1449 2151 2
1474 2116 1561 2158 litt„
1593 2119 1617 2162 ῆ
1640 2126 1684 2150 ex
1710 2117 1723 2150 l
1747 2126 1839 2151 corr.

182 2175 256 2210 uid.
281 2175 309 2209 P
424 2176 492 2209 τοῦ
524 2169 688 2218 α’δελφοῦ
719 2173 800 2212 (του
832 2171 854 2204 i.
888 2180 957 2205 ras.
991 2173 1009 2204 2
1034 2171 1101 2205 litt.
1126 2171 1167 2211 P)
1192 2171 1320 2206 PLVR
1435 2173 1454 2205 2
1478 2169 1563 2206 ἐνέα
1580 2170 1611 2204 L
1635 2167 1672 2205 θ’
1697 2171 1729 2203 Α

183 2232 204 2262 4
231 2225 463 2275 φρονήματι·
491 2226 523 2260 V
639 2229 658 2259 5
682 2223 905 2270 γενομένοισ
928 2223 958 2257 L
1052 2228 1173 2270 συμβο
1190 2243 1197 2250 ·
1212 2228 1279 2270 λῆσ
1305 2224 1331 2258 Ο
1436 2227 1455 2258 6
1479 2221 1786 2260 >coctast-cadmeo
1809 2223 1841 2256 A

182 2279 473 2322 καταλιπόντεσ,
498 2295 510 2314 ι
535 2279 558 2313 i.
583 2288 653 2312 ras.
677 2277 809 2311 maiore
832 2277 861 2309 L
955 2279 1100 2318 πολλοὶ]
1127 2281 1295 2314 πλεῖστοι
1320 2278 1446 2313 LVRC
1547 2280 1565 2311 ἵ
1591 2279 1668 2313 τῶν
1692 2289 1840 2320 συμμει-

183 2357 341 2400 νάντων]
370 2358 519 2403 reliquis
536 2357 607 2391 Lat
697 2335 826 2402 {Wm
849 2355 875 2389 P
988 2358 1007 2388 9
1033 2355 1070 2391 δὲ
1094 2355 1193 2390 LVR
1316 2360 1354 2390 10
1381 2354 1528 2401 διελύθη
1551 2355 1660 2390 uertit
1682 2355 1752 2389 Lat

182 2413 251 2458 μὲν
284 2423 352 2447 om.
379 2412 444 2447 LR
538 2414 573 2444 11
603 2405 639 2446 δ’
664 2409 693 2443 L
786 2411 851 2453 τῆς
875 2419 942 2459 οᾳι.
969 2408 995 2442 C
1088 2406 1211 2453 ἄλλης]
1237 2408 1339 2443 codd.
1365 2409 1436 2442 Lat
1460 2407 1577 2454 ἀρχῆς
1600 2408 1775 2443 Destinon

184 2462 326 2512 ὥσπερ]
345 2462 400 2501 ὥσ
418 2459 515 2509 παρ’
532 2464 598 2498 VR
616 2468 650 2498 et
665 2465 704 2497 ut
721 2462 791 2497 uid.
808 2462 885 2505 Heg
901 2462 1020 2506 ἡσπερ
1037 2460 1212 2495 Destinon
1280 2457 1445 2506 ἀδελφὸν
1462 2472 1505 2496 ex
1521 2458 1685 2506 ἀδελφοῦ
1702 2471 1792 2495 corr.
1810 2459 1841 2492 L

184 2516 349 2565 ἀδελφοῦ
364 2519 431 2553 VR
456 2524 491 2552 et
515 2522 554 2552 ut
578 2518 649 2552 uid.
668 2517 745 2559 Heg
816 2518 855 2549 13
881 2509 1057 2559 άλλήλοισ
1074 2513 1112 2548 Μ
1182 2510 1307 2550 dorca·
1326 2513 1503 2558 -σάμενοι
1521 2514 1547 2548 C
1620 2517 1661 2547 14
1686 2511 1722 2548 δ’
1747 2512 1773 2546 C

188 2576 228 2608 16
251 2579 332 2614 τοῖς
362 2586 401 2608 τε
436 2569 563 2612 ἄλλοις
588 2573 664 2606 τῶν
688 2566 975 2615 Ἀριστοβούλου
999 2565 1203 2612 διαφόρων]
1229 2573 1313 2603 τοῖσ
1338 2563 1616 2613 ιῗριστοβούλου
1640 2562 1841 2611 διαφόροισ

185 2626 316 2661 PAMC
333 2632 367 2660 et
384 2625 478 2659 alios
500 2626 576 2659 eius
599 2623 762 2657 inimicos
778 2622 849 2655 Lat
923 2622 960 2654 lS
985 2620 1023 2656 δὲ
1039 2620 1137 2655 LVR
1205 2616 1416 2664 Ἰδουμαῖος]
1443 2619 1612 2655 Ξουδαῑοσ
1630 2618 1655 2652 C
1725 2621 1777 2658 τε]
1803 2618 1841 2654 δὲ

186 2678 289 2712 ΡΑΜ
360 2681 399 2712 19
420 2671 542 2719 οὗτος]
567 2673 586 2712 ὃ
614 2672 732 2712 αὕτὸσ
757 2675 793 2710 δὲ
811 2674 908 2708 LVR
931 2674 962 2707 is
978 2673 1048 2707 Lat
1117 2675 1158 2707 20
1184 2669 1483 2718 ἀνακτήσασθαι]
1509 2676 1573 2713 (ul)
1597 2672 1674 2707 eius
1697 2671 1839 2705 auxilio

184 2751 227 2755 -—
241 2735 416 2777 repeteret
432 2731 502 2765 Lat
577 2733 619 2764 22
636 2728 707 2770 ἐπὶ,
725 2741 743 2764 ε
761 2738 804 2762 ex
821 2740 853 2763 ει
870 2737 960 2761 corr.
987 2726 1058 2760 uid.
1075 2725 1115 2760 M
1191 2729 1231 2761 23
1257 2726 1295 2762 δὲ
1311 2725 1409 2760 LVR
1483 2722 1641 2771 παρῄνει
1665 2723 1841 2766 δέξασθαι

186 2784 332 2819 seclusit
349 2784 491 2818 Bekker
583 2780 743 2828 παρῄνει
767 2780 946 2824 δέξασθαι
970 2784 1045 2822 καὶ]
1070 2781 1246 2825 simulque
1270 2778 1484 2813 admonebat
1506 2778 1576 2811 Lat
1667 2776 1840 2821 δέχεσθαι

153 2880 157 2884 ,
184 2837 285 2871 LVR
377 2839 419 2870 24
443 2838 669 2880 παρεστῶτα
689 2835 714 2869 C
809 2839 848 2870 25
875 2833 1080 2881 ὓπερέχειν]
1102 2834 1296 2879 porriqere
1311 2832 1381 2865 Lat
1471 2836 1556 2866 τοῖσ
1580 2826 1841 2873 ἅδικουμένοισ

186 2890 326 2925 MLVR
356 2890 545 2934 iniquitate
576 2890 759 2933 oppressis
782 2889 852 2923 Lat
884 2892 961 2924 τῶν
984 2884 1238 2931 ἀδικουμένων
1262 2885 1435 2920 Destinon
1527 2880 1596 2919 τὸν
1619 2893 1688 2918 om.
1712 2881 1840 2917 LVRC

1869 1874 1906 1906 25
