1987 3246
128 537 178 575 14

128 805 177 843 15

126 1073 175 1112 16

128 1679 174 1716 17

212 154 235 189 6
606 149 671 184 DE
696 149 854 183 BELLO
880 149 975 184 IUD.
1001 150 1017 184 Ι
1046 153 1173 185 13—17
1200 154 1345 193 (Prooem.
1373 159 1399 183 5.
1428 155 1459 193 6)

209 262 319 306 κατὰ
349 262 569 317 σύγκρισιν
599 261 850 314 ἐλαχίστους
881 256 1165 306 ἀποδείκνυσι
1193 262 1294 313 τοὺς
1324 263 1466 306 πάλαι
1496 265 1729 317 πολέμους,
1759 265 1860 307 τού-

209 348 295 372 των
334 329 410 382 ιιὲν
449 328 669 385 κάθηνται
707 328 850 382 κριταὶ
888 338 981 378 τοῖς
1012 329 1398 384 φιλοτιμουμένοις
1429 330 1761 386 επηρεάζοντες,
1801 328 1860 374 ὦν

211 396 249 438 εἰ
287 398 359 437 καὶ
389 397 452 450 τιῦ
485 395 597 451 λόγω
628 397 958 447 πλεονεκτοῦσι,
998 396 1227 439 λείπονται
1257 399 1309 473 τῇ
1339 401 1617 452 προαιρεσει·
1659 396 1782 441 αυτοὶ
1815 399 1860 441 δὲ

209 481 261 505 τα
291 459 533 518 Ἀσσυρίων
572 464 642 504 καὶ
676 462 847 518 ΖΙἸηδων
887 478 1210 520 συγγράφουσιν
1253 459 1402 518 ω’σπερ
1442 468 1571 520 ἦττον
1601 467 1741 515 καλῶς
1770 463 1857 508 υπὸ

209 533 295 572 τῶν
335 526 526 584 ἀρχαίων
558 533 841 586 συγγραφέων
874 526 1190 588 ἀπηγγελμένα.
1246 535 1390 574 καίτοι
1420 532 1616 588 τοσούτω
1647 535 1723 588 τῆς
1754 531 1862 575 εκεί-

209 615 294 639 νων
332 595 549 652 ἡττῶνται
581 598 803 652 δυνάμεως
835 597 878 639 ἐν
909 600 972 680 ”HJJ
1000 597 1206 653 γράφειν,
1246 597 1336 653 ὅσῳ
1367 601 1438 641 καὶ
1469 602 1545 656 τῆς
1573 599 1765 656 γνώμης·
1805 599 1860 641 τὰ

207 664 289 719 γὰρ
319 681 400 706 κατ
453 680 611 713 αυτους
641 664 912 717 εσπουδαζον
944 665 1118 708 έκαστοι
1148 665 1354 721 γράφειν,
1386 661 1500 708 όπου
1530 669 1601 709 καὶ
1631 666 1680 709 τὸ
1713 683 1861 721 παρα-

207 741 348 784 τιχεῖν
386 741 480 781 τοῖς
510 731 765 786 πράγμασιν
797 732 942 774 ἐποίει
958 732 1049 810 ςτὴν
1081 728 1351 788 ἀπαγγελίαν
1383 732 1538 790 ἐναργῆ
1567 735 1637 776 καὶ
1670 733 1717 775 τὸ
1752 734 1861 788 ψεί-

211 799 372 841 δεσθαι
396 815 488 855 παρ
543 798 709 842 εἰδόσιν
742 799 918 856 αἰσχρὸν
950 798 1011 856 ἠν.
1061 799 1110 842 τό
1142 815 1189 854 γε
1219 798 1302 854 μὴν
1332 799 1476 857 μνήιιῃ
1508 799 1562 841 τὰ
1594 810 1861 857 προϊστορη-

208 869 348 908 θέντα
386 865 557 909 διδόναι
587 883 657 908 και
689 867 743 909 τά
773 869 859 909 τῶν
892 867 1016 910 ιδίων
1042 867 1210 922 χρόνων
1240 876 1333 917 τοῖς
1362 864 1460 921 μετ)
1497 863 1628 910 αὐτὸν
1660 868 1864 910 συνιστά-
1895 877 1929 909 10

208 950 297 975 νειν
327 931 510 975 ἐπαίνου
540 935 612 976 καὶ
641 939 883 987 μαρτυρίας
914 932 1058 984 ἄξιον·
1091 933 1338 990 φιλόπονος
1369 934 1415 976 δὲ
1447 930 1521 986 οὐχ
1552 931 1573 976 ὁ
1606 937 1861 988 μεταποιῶν

209 1001 462 1054 οἰκονομίαν
492 1002 563 1043 καὶ
594 1001 717 1051 τάξιν
750 998 995 1057 ἀλλοτρίαν,
1029 998 1125 1043 ἀλλ)
1161 998 1183 1043 ὁ
1215 1000 1324 1054 μετὰ
1355 1003 1433 1043 τοῦ
1463 1000 1590 1043 καινὰ
1623 1003 1760 1057 λέγειν
1789 1004 1859 1044 καὶ

206 1067 254 1110 τὸ
294 1069 420 1121 σῶμα
454 1070 531 1125 τῆς
563 1068 758 1123 ἱστορίας
787 1068 1115 1120 κατασκευάζων
1146 1069 1274 1111 ἰ’διον.
1341 1064 1456 1123 κάγώ
1489 1068 1568 1121 μὲν
1599 1064 1860 1122 ἀναλώμασι

206 1137 277 1177 καὶ
316 1135 472 1185 πόνοις
511 1139 733 1190 μεγίστοις
773 1132 1021 1192 ἀλλόφυλος
1059 1129 1117 1178 ὢν
1137 1131 1316 1192 Ἕλλησί
1352 1151 1399 1177 τε
1429 1137 1500 1177 καὶ
1527 1133 1754 1189 Ῥωμαίοις
1784 1135 1861 1193 τὴν

206 1198 376 1256 μνήμην
407 1204 492 1243 τῶν
523 1202 883 1256 κατορθωμάτων
916 1199 1184 1259 άνατίθημι·
1216 1212 1309 1253 τοῖς
1340 1203 1386 1245 δὲ
1416 1208 1611 1259 γνησίοις
1641 1203 1754 1257 πρὸς
1784 1205 1862 1258 μὲν

206 1266 261 1309 τὰ
302 1268 506 1324 λήμματα
543 1271 613 1311 καὶ
653 1268 732 1319 τὰς
772 1269 893 1318 δίκας
928 1273 1098 1327 κέχηνεν
1130 1267 1298 1320 εὐθέως
1327 1270 1375 1313 τὸ
1410 1270 1551 1324 στόμα
1581 1273 1651 1313 καὶ
1683 1272 1860 1326 γλῶσσα

207 1335 403 1386 λέλυται,
444 1335 557 1390 πρὸς
588 1337 634 1378 δὲ
664 1335 742 1390 τὴν
775 1337 991 1390 ἱστορίαν,
1025 1337 1137 1380 ἔνθα
1164 1336 1242 1392 χρὴ
1274 1334 1449 1394 τάληθῆ
1481 1339 1618 1393 λέγειν
1648 1339 1720 1380 καὶ
1750 1338 1860 1392 μετὰ

206 1403 373 1443 πολλοῦ
403 1402 542 1445 πόνου
574 1402 627 1444 τὰ
658 1403 897 1458 πράγματα
929 1405 1169 1459 συλλέγειν,
1211 1409 1496 1460 πεφίμωνται
1526 1408 1738 1460 παρέντες
1768 1415 1860 1456 τοῖς

207 1465 545 1524 ἀσθενεστέροις
589 1472 659 1513 καὶ
703 1471 813 1527 μηδὲ
857 1471 1119 1526 γινώσκουσι
1162 1470 1241 1521 τὰς
1285 1471 1469 1527 πράξεις
1512 1473 1598 1514 τιῦν
1640 1469 1860 1528 ἡγεμόνιον

205 1535 403 1592 γράφειν.
462 1537 672 1590 τιμάσθω
713 1537 763 1595 δὴ
806 1533 915 1591 παρ’
959 1536 1061 1594 ἡμῖν
1101 1537 1149 1581 τὸ
1190 1541 1267 1595 τῆς
1306 1539 1502 1594 ἱστορίας
1533 1535 1720 1595 ἀληθές,
1762 1539 1860 1582 ἐπεὶ

206 1600 314 1657 παρ’
341 1598 540 1659 Ἕλλησιν
572 1601 797 1661 ἠμέληται.

320 1674 358 1713 6.
387 1667 709 1725 Ἀρχαιολογεῖν
730 1674 808 1725 μὲν
841 1672 889 1728 δὴ
923 1673 977 1715 τὰ
995 1669 1228 1724 Ἰουδαίων,
1261 1677 1376 1722 τίνες
1405 1689 1452 1715 τε
1483 1670 1605 1723 ὄντες
1634 1675 1706 1716 καὶ
1737 1672 1861 1723 ὅπως

208 1737 519 1794 ἀπανέστησαν
556 1739 842 1794 Αἰγυπτίων,
878 1740 1023 1795 χώραν
1062 1756 1109 1781 τε
1147 1735 1253 1795 ὅσην
1293 1739 1492 1795 ἐπῆλθον
1533 1737 1751 1794 ἀλώμενοι
1788 1743 1859 1783 καὶ

207 1804 327 1846 πόσα
349 1804 444 1860 ἑξῆς
464 1807 704 1860 κατέλαβον
725 1809 797 1849 καὶ
819 1806 942 1856 ὅπως
961 1810 1301 1864 μετανέστησαν,
1335 1812 1407 1850 νῦν
1428 1824 1474 1849 τε
1495 1804 1676 1861 ἄκαιρον
1706 1803 1860 1864 ᾠήθην

208 1869 320 1913 εἶναι
359 1873 431 1914 καὶ
470 1870 611 1923 ἄλλως
650 1874 875 1929 περιττόν,
926 1873 1167 1930 ἐπειδήπερ
1206 1876 1279 1916 καὶ
1312 1870 1534 1917 Ἰουδαίων
1572 1875 1733 1917 πολλοὶ
1771 1875 1858 1929 πρὸ

208 1938 313 1992 ἐμοῦ
332 1938 385 1980 τὰ
407 1942 494 1981 τῶν
516 1940 744 1994 προγόνων
775 1940 1063 1990 συνετάξαντο
1094 1958 1174 1994 μετ
1228 1937 1451 1997 ἀκριβείας
1480 1946 1554 1984 καί
1583 1959 1698 1992 τινες
1714 1939 1860 2000 Ελλή-

207 2024 292 2048 νων
335 2005 475 2048 ἐκεῖνα
514 2009 565 2063 τῇ
603 2011 776 2090 πατρίω
809 2024 904 2063 φωι
907 2026 931 2063 η
963 2008 1283 2062 μεταβαλόντες
1314 2026 1362 2051 ου
1395 2008 1507 2051 πολυ
1538 2026 1615 2066 της
1646 2005 1861 2066 αληθείας

319 2108 597 2144 AMLVNCLat

320 2168 340 2198 4
365 2160 424 2205 τὰ]
450 2161 521 2200 τὰσ
546 2164 643 2198 A¹L¹
746 2160 912 2208 α’συρίων
936 2165 996 2199 AC
1110 2168 1185 2206 καὶ]
1209 2166 1352 2200 AMLat
1375 2169 1439 2202 καὶ
1463 2164 1508 2203 τὰ
1534 2166 1565 2201 V
1589 2164 1612 2212 ἢ
1636 2166 1681 2203 τὰ
1707 2166 1800 2201 LNC
1826 2170 1860 2201 et

207 2221 229 2255 i.
255 2231 364 2263 marg.
391 2220 421 2254 V
541 2224 559 2255 5
585 2223 773 2256 τοσοῦτον
797 2227 855 2262 (ον
879 2221 1052 2264 repictum
1077 2220 1120 2262 L)
1144 2221 1208 2255 LN
1317 2226 1334 2255 ἰ’
1358 2219 1452 2258 καθ’
1479 2219 1619 2259 αὕτοὺσ
1642 2222 1770 2258 LVNC

206 2275 371 2313 ἕκαστοσ
395 2276 428 2311 V
451 2276 534 2311 fort.
560 2278 657 2310 recte
720 2279 738 2311 8
763 2275 991 2321 ἐπαγγελίαν
1015 2276 1163 2311 Hudson
1228 2280 1247 2310 9
1272 2275 1345 2323 μὴν
1368 2289 1396 2314 s.
1423 2278 1448 2312 G
1518 2279 1858 2326 προϊστορηθέντα]

205 2330 254 2379 μὴ
280 2333 610 2378 προϊστορηθέντα
636 2343 679 2368 ex
703 2343 792 2367 corr.
818 2333 850 2365 A
875 2336 909 2365 et
934 2332 1092 2366 Bernard
1115 2343 1211 2366 noua
1230 2354 1272 2357 —
1289 2345 1403 2378 neque
1427 2340 1510 2368 ante
1534 2335 1677 2380 coqm’ta
1700 2334 1771 2369 Lat

209 2393 248 2424 10
281 2391 343 2425 καὶ
376 2385 435 2431 τὰ]
466 2391 529 2424 καὶ
561 2386 607 2425 τὰ
639 2385 736 2425 κατὰ
761 2387 889 2422 LVNC
979 2384 1049 2423 τὸν
1077 2385 1170 2423 ἴδιον
1191 2387 1336 2435 χρόνον
1360 2390 1470 2424 L2NC
1495 2392 1531 2424 et
1554 2391 1576 2426 i.
1602 2401 1712 2434 marg.
1737 2391 1770 2425 V

205 2440 299 2489 μεθ’
333 2442 469 2481 ἑαυτὸν
492 2444 591 2478 LVN
705 2447 881 2480 συνιστᾶν
906 2443 1136 2478 Casaubonus
1254 2448 1291 2479 11
1320 2445 1369 2486 ὁὲ]
1402 2441 1436 2480 δ’
1460 2446 1498 2480 Μ
1531 2459 1571 2482 τε
1596 2446 1769 2481 Destinon

212 2515 251 2546 14
265 2513 464 2558 μεγίστοισ
479 2514 540 2547 καὶ
560 2506 698 2548 πόνοισ
714 2514 758 2547 tr.
773 2511 870 2545 LVN
922 2513 960 2544 15
975 2511 1012 2547 δὲ
1028 2512 1205 2556 γνησίοις]
1224 2505 1413 2558 δ’Ἕλλησι
1426 2512 1547 2547 Naber
1595 2516 1635 2547 16
1648 2493 1793 2558 λη’ᾕατα
1809 2512 1857 2548 L:

208 2571 273 2603 καὶ
289 2566 309 2613 ἢ
327 2571 480 2611 γλῶσσα
498 2567 625 2602 LVNC
699 2572 736 2602 17
756 2564 801 2603 τὰ
827 2565 950 2613 ἀληθῆ
968 2567 1064 2601 LVN
1137 2570 1177 2601 18
1195 2565 1330 2608 πόνου]
1354 2563 1498 2614 χρόνου
1514 2567 1592 2610 VN,
1616 2569 1639 2602 i.
1665 2579 1773 2612 marg.
1799 2583 1858 2615 γρ.

209 2621 332 2659 πόνου
356 2624 386 2657 V
463 2621 708 2669 πεφὴμωνται
733 2624 875 2658 L¹V¹C¹
951 2626 990 2657 19
1014 2623 1114 2668 μηδὲ]
1138 2620 1187 2668 μὴ
1207 2623 1304 2657 LVN
1373 2620 1612 2668 γινούσκουσι
1637 2626 1667 2657 Α
1738 2627 1779 2658 20
1805 2621 1858 2670 δὴ]

209 2681 247 2715 δὲ
264 2679 337 2713 ΑΜ
360 2681 482 2725 itaque
499 2680 569 2714 Lat
638 2683 676 2714 21
697 2675 804 2725 Tcocp']
829 2681 892 2714 καὶ
916 2676 1013 2725 παρ’
1029 2679 1062 2712 Α
1131 2674 1322 2722 ἀμελεῖται
1339 2678 1466 2713 LVNC
1537 2681 1579 2712 22
1605 2677 1651 2715 τὰ
1677 2677 1859 2722 ἰουδαϊκά,

207 2736 231 2770 i.
258 2746 367 2779 marg.
393 2749 450 2781 γρ.
477 2732 523 2772 τὰ
550 2736 728 2772 ἰουδαίων
753 2735 783 2769 V
875 2738 916 2769 23
942 2738 1018 2771 τῶν
1042 2734 1249 2780 αἰγυπτίων
1273 2735 1305 2770 V
1382 2728 1484 2780 ὅσην]
1511 2747 1567 2779 φα,
1585 2746 1604 2768 s
1626 2734 1695 2769 Lat
1764 2731 1859 2771 ἁλώ-

208 2804 315 2836 μενοι.
342 2790 408 2824 MC
502 2794 544 2825 24
568 2789 671 2827 πόσα
697 2790 788 2837 ἑξῆς]
815 2801 907 2836 quas
930 2791 991 2826 uel
1013 2791 1178 2836 quotiens
1202 2790 1272 2824 Lat
1365 2784 1480 2832 ὅπως]
1505 2796 1589 2825 πώσ
1613 2790 1780 2826 MLVNC

209 2849 261 2888 τε]
288 2846 409 2888 ALat,
442 2857 510 2881 om.
540 2847 708 2882 MLVNC
836 2850 877 2882 25
910 2843 1033 2892 ἐπειδὴ
1066 2848 1127 2881 καὶ
1150 2845 1278 2880 LVNC
1404 2849 1446 2880 26
1475 2843 1569 2890 μετὰ
1603 2845 1768 2880 MLVNC

209 2905 249 2936 27
275 2900 413 2942 ἐκεῖνα]
437 2901 608 2939 ἐπέκεινα
634 2906 664 2938 Α
756 2900 915 2949 πατρώα
940 2901 1038 2937 LVN
1130 2898 1247 2937 πολλὺ
1273 2902 1298 2936 Ο

1891 543 1910 573 5

1893 1211 1928 1243 15

1890 1548 1927 1580 20

1889 1883 1926 1915 25
