2018 3236
228 153 305 189 246
593 149 658 183 DE
683 147 845 181 BELLO'
866 147 964 182 IUD.
991 148 1026 181 II
1052 150 1227 183 501—508
1253 150 1367 190 (XVHI
1393 154 1422 179 9.
1452 151 1503 190 10)

114 268 193 308 502
224 263 422 313 τοξόται,
464 261 689 316 προῆλθεν
721 259 782 309 εἷς
813 259 1114 313 Πτολεμαΐδα.
1166 260 1368 303 πλεῖστοι
1400 262 1445 303 δὲ
1475 257 1554 304 κάκ
1583 263 1669 302 τῶν
1700 261 1871 304 πόλεων

229 330 450 382 ἐπίκουροι
494 329 799 384 συνελέγησαν,
841 327 1048 383 ἐμπειρία
1086 327 1163 380 μὲν
1193 324 1431 384 ἡττώμενοι
1461 331 1546 370 τῶν
1579 329 1871 382 στρατιωτῶν,

225 405 320 445 ταῖς
342 395 387 436 δὲ
408 397 686 449 προθυμίαις
715 396 786 436 καὶ
817 397 879 449 τῷ
909 393 1019 436 κατὰ
1036 390 1257 437 Ἰουδαίων
1286 400 1407 449 μίσει
1437 396 1485 439 τὸ
1519 397 1672 438 λεῖπον
1704 394 1747 436 ὲν
1776 403 1873 444 ταῖς

227 458 490 517 ἐπιστήμαις
521 456 899 517 ἀντιπληροῦντες.
950 463 1095 518 παρῆν
1121 462 1166 504 δὲ
1188 463 1259 504 καὶ
1282 458 1411 512 αὐτὸς
1428 462 1678 518 Ἀγρίππας
1698 465 1872 517 Κεστίῳ

113 534 192 574 503
223 532 299 586 τῆς
342 545 390 570 τε
434 525 542 570 ὁδοῦ
585 529 659 570 καὶ
700 530 788 570 τῶν
834 528 1145 585 συμφερόντων
1191 527 1484 585 ἐξηγούμενός.
1555 525 1786 583 ἀναλαβών
1827 529 1872 571 δὲ

221 599 351 649 μέρος
371 597 448 652 τῆς
470 594 694 649 δυνάμεως
715 599 901 645 Κέστιος
922 591 1121 651 ὥρμησεν
1143 595 1218 638 ἐπὶ
1242 596 1373 639 πόλιν
1403 596 1612 652 καρτερὰν
1642 599 1717 653 τῆς
1739 597 1872 638 Γαλι-

224 664 351 712 λαίας
380 662 648 717 Χαβουλών,
688 662 713 717 ἢ
750 664 946 705 καλεῖται
977 658 1159 715 ἀνδρῶν,
1197 663 1376 718 διορίζει
1408 664 1453 706 δὲ
1485 660 1575 707 άπὸ
1606 666 1683 706 τοῦ
1715 662 1873 712 ἔθνους

112 735 191 776 504
223 729 299 786 τὴν
330 729 630 782 Πτολεμαΐδα.
680 731 749 772 καὶ
782 729 1041 783 καταλαβών
1074 726 1206 786 αὐτὴν
1237 730 1397 786 ἔρημον
1426 731 1504 784 μὲν
1536 727 1723 787 ἀνδρῶν,
1765 726 1872 771 ἀνα-

223 795 435 852 πεφεύγει
474 795 555 851 γὰρ
587 795 635 839 τὸ
668 798 847 852 πλῆθος
880 797 942 847 εἷς
971 796 1024 839 τὰ
1058 794 1158 853 ὅρη,
1200 798 1343 855 πλήρη
1377 798 1421 840 δὲ
1455 802 1678 840 παντοίων
1709 796 1872 853 κτημά-

221 881 319 915 των,
351 862 405 905 τὰ
427 863 505 917 μὲν
527 863 685 922 ἐφῆκεν
706 873 799 914 τοῖς
822 862 1113 919 στρατιώταις
1135 865 1406 920 διαρπάζειν,
1439 865 1487 907 τὸ
1512 865 1558 907 δὲ
1591 862 1697 906 ἄστυ
1729 867 1873 905 καίτοι

222 930 459 985 θαυμάσας
497 933 576 973 τοῦ
614 931 797 981 κάλλους
836 931 930 984 ἔχον
961 931 1040 981 τὰς
1072 932 1213 982 οἰκίας
1244 930 1408 987 ὁμοίως
1437 941 1535 982 ταῖς
1566 931 1609 974 ἐν
1644 930 1769 985 Τύρῳ
1800 930 1870 971 καὶ

109 1004 188 1043 505
221 998 384 1040 Σιδῶνι
422 998 491 1039 καὶ
533 1001 716 1054 Βηρυτῷ
757 999 1072 1056 δεδομημένας,
1115 998 1365 1056 ἐνέπρησεν.
1424 1000 1579 1042 ἔπειτα
1617 997 1694 1055 τὴν
1727 997 1871 1051 χώραν

221 1063 512 1120 καταδραμὼν
551 1067 623 1108 καὶ
664 1066 917 1121 διαρπάσας
954 1067 1032 1120 μὲν
1070 1069 1161 1108 πᾶν
1199 1066 1246 1109 τὸ
1281 1076 1568 1122 προσπῖπτον
1599 1064 1873 1121 καταφλέξας

109 1138 189 1178 506
222 1133 268 1175 δὲ
313 1130 391 1182 τὰς
431 1132 562 1187 πέριξ
596 1132 744 1186 κώμας
782 1131 1059 1188 ὑπέστρεψεν
1098 1133 1160 1184 εἷς
1199 1133 1276 1190 τὴν
1315 1134 1614 1188 Πτολεμαΐδα.
1674 1130 1787 1187 πρὸς
1827 1131 1872 1173 δὲ

218 1207 315 1247 ταῖς
346 1195 567 1254 ἁρπαγαῖς
598 1199 663 1243 ἔτι
692 1202 778 1242 τῶν
804 1200 953 1256 Σύρων
984 1198 1122 1243 ὅντων
1153 1203 1222 1243 καὶ
1255 1201 1302 1243 τὸ
1337 1203 1472 1244 πλέον
1504 1203 1731 1258 Βηρυτίων
1764 1194 1868 1240 ἅνα-

217 1261 526 1323 θαρσήσαντες
549 1267 591 1309 οἱ
609 1264 822 1319 Ἰουδαῖοι,
853 1270 922 1310 καὶ
946 1267 1028 1323 γὰρ
1053 1264 1418 1326 ἀποκεχωρηκότα
1445 1272 1647 1310 συνίεσαν
1669 1269 1870 1318 Κέστιον,

216 1341 310 1383 τοῖς
333 1329 682 1390 ἀπολειφθεῖσιν
714 1330 936 1390 ἀδοκήτως
967 1335 1188 1378 ἐπέπεσον
1218 1338 1287 1379 καὶ
1322 1338 1425 1390 περὶ
1457 1336 1695 1388 δισχιλίους
1728 1329 1872 1376 αὗτεῦν

219 1400 496 1456 διέφθειραν.

107 1475 186 1514 507
335 1472 398 1510 10.
427 1465 472 1510 Ὁ
504 1467 550 1510 δὲ
581 1471 768 1518 Κέστιος
800 1465 1034 1520 ἀναζεύξας
1067 1465 1157 1512 άπὸ
1191 1472 1264 1527 τῆς
1294 1470 1602 1523 Πτολεμαΐδος
1635 1466 1764 1519 αὗτὸς
1794 1468 1871 1522 μὲν

220 1533 282 1584 εἰς
313 1534 585 1588 Καισάρειαν
625 1531 896 1592 ἀφικνεῖται,
938 1546 1096 1591 μοῖραν
1138 1537 1183 1579 δὲ
1222 1539 1298 1592 τῆς
1337 1540 1544 1591 στρατιᾶς
1581 1540 1871 1591 προέπεμψεν

219 1600 281 1651 εἷς
296 1596 493 1658 Ἰόππην,
527 1603 792 1657 προστάξας,
827 1603 865 1645 εἰ
886 1604 963 1657 μὲν
993 1604 1327 1659 καταλαβέσθαι
1359 1605 1587 1661 δυνηθεῖεν
1617 1603 1694 1661 τὴν
1725 1603 1870 1655 πόλιν,

219 1677 438 1724 φρουρεῖν,
471 1669 509 1711 εἰ
532 1670 578 1712 δὲ
602 1674 928 1726 προαίσθοιντο
959 1670 1036 1728 τὴν
1069 1671 1244 1728 ἔφοδον,
1277 1675 1526 1726 περιμένειν
1559 1668 1690 1714 αὐτόν
1721 1687 1767 1714 τε
1798 1672 1872 1713 καὶ

105 1743 185 1783 508
216 1733 293 1791 τὴν
315 1732 448 1792 ἄλλην
471 1736 666 1791 δύναμιν.
716 1740 803 1780 τῶν
835 1738 881 1780 δὲ
914 1739 957 1780 οἱ
986 1739 1065 1791 μὲν
1095 1737 1204 1780 κατὰ
1235 1735 1471 1782 θάλασσαν
1504 1740 1545 1782 οἱ
1578 1739 1624 1781 δὲ
1654 1737 1763 1781 κατὰ
1793 1740 1871 1795 γῆν

217 1801 498 1855 ἐπειχθέντες
537 1800 859 1860 ἀμφοτέρωθεν
901 1806 1100 1859 αἱροῦσιν
1139 1805 1217 1862 τὴν
1256 1806 1389 1849 πόλιν
1431 1806 1614 1863 ῥαδίως·
1654 1808 1726 1848 καὶ
1762 1805 1870 1861 μηδὲ

328 1914 558 1950 PAMLVRC
571 1915 873 1962 LatHegesippus
897 1918 931 1952 11
960 1922 998 1952 14
1023 1930 1057 1962 p.
1087 1921 1161 1953 159.

329 1973 343 2004 1
380 1974 577 2017 προῆλθον
600 1971 734 2006 PAML
864 1969 949 2015 κάκ]
978 1976 1040 2010 καὶ
1065 1972 1107 2009 ἐκ
1131 1974 1192 2008 RC
1216 1972 1259 2009 ἐκ
1282 1974 1314 2008 V
1445 1977 1463 2008 2
1488 1972 1689 2018 ἡττόμενοι
1713 1975 1742 2009 Ρ

216 2030 235 2060 3
268 2029 334 2075 τῷ]
367 2024 411 2062 τὸ
438 2027 595 2062 PAV¹C¹
709 2026 754 2065 τὸ
787 2028 923 2065 λοιπὸν
946 2030 976 2064 L
1098 2033 1117 2064 4
1141 2028 1356 2074 ε’πιστίμαισ
1380 2040 1423 2064 ex
1448 2040 1538 2064 corr.
1563 2030 1592 2064 P
1708 2026 1869 2076 ἀναπλη-

219 2085 378 2126 ροῦντεσ
397 2083 429 2117 V
499 2087 697 2129 συμπαρῆν
720 2085 854 2120 MVRC
880 2086 1007 2120 aderat
1031 2085 1101 2119 Lat
1169 2088 1252 2119 ante
1275 2084 1410 2121 κεστίω
1436 2085 1587 2119 deletum
1613 2099 1678 2121 συν
1703 2086 1728 2120 C
1801 2090 1819 2120 6
1847 2084 1866 2122 ὁ

216 2137 371 2174 κέστιοσ
394 2139 428 2172 V
519 2143 536 2172 7
570 2139 796 2187 Χαβουλών]
828 2141 935 2176 Niese
967 2140 1165 2188 ζαβουλών
1188 2141 1386 2175 PAMVRG
1412 2143 1633 2184 ζαβουλῶνα
1658 2142 1688 2176 L
1713 2142 1869 2177 zabulon

218 2194 388 2237 LatHeg3
414 2195 460 2230 cf.
486 2196 579 2231 infra
602 2197 655 2231 ΙΙΙ
679 2200 721 2232 38
745 2200 789 2239 (3,
818 2200 847 2239 1)
872 2199 954 2232 Ant.
980 2197 1066 2232 VIII
1093 2200 1167 2232 142.
1191 2197 1266 2231 uita
1292 2199 1367 2231 213.
1403 2200 1496 2231 cont.
1521 2197 1649 2241 Apion.
1675 2197 1691 2231 Ι
1718 2201 1780 2232 110

216 2245 250 2293 ἢ]
267 2243 287 2294 ἧ
305 2250 378 2291 PA,
403 2261 471 2285 om.
489 2251 522 2285 R
539 2252 622 2287 fort.
641 2257 738 2287 recte
830 2248 990 2300 ἀνδρῶν]
1016 2250 1162 2297 ἄνδρων
1179 2253 1208 2286 L
1234 2248 1382 2297 ἀνδρῶν
1398 2252 1515 2297 ΜΕΟ;
1541 2253 1628 2287 mihi
1652 2257 1868 2297 suspectum,

215 2315 282 2340 nec
306 2306 432 2349 legisse
456 2307 529 2343 uid.
554 2308 644 2352 Heg,
669 2309 705 2343 in
731 2320 799 2353 quo
825 2313 879 2343 est
902 2309 1088 2354 z'nqressus
1112 2307 1233 2343 urbem
1257 2308 1315 2342 cui
1338 2319 1463 2342 nomen
1490 2308 1647 2344 zabulon
1763 2313 1782 2344 8
1807 2312 1869 2346 καὶ

216 2360 457 2409 καταλαβών]
489 2361 719 2410 καταλαβὼν
744 2365 782 2401 δὲ
806 2364 902 2400 VRO
1007 2361 1283 2409 καταπεφεύγει
1308 2363 1369 2398 RC
1392 2362 1692 2410 καταπεφεύγειν
1717 2366 1764 2401 V¹

217 2420 236 2450 9
261 2415 405 2464 πλήρησ
426 2418 505 2452 PA¹
613 2423 651 2453 10
678 2416 823 2465 α’φῆκεν
846 2426 902 2462 (-
926 2433 969 2456 κε
993 2419 1043 2462 M)
1068 2419 1172 2454 AMV
1276 2423 1313 2453 11
1342 2417 1542 2463 θαυμάσας
1564 2423 1645 2462 τοῦ]
1670 2420 1869 2456 PAMVRC

216 2472 369 2516 LatHeg
391 2477 617 2518 θαυμαστοῦ
633 2475 663 2509 L
746 2473 843 2521 ἔχων
860 2475 937 2510 V¹C
1019 2472 1106 2521 ἔχον
1130 2478 1198 2511 τοῦ
1221 2474 1387 2511 κάλλουσ
1410 2477 1456 2509 tr.
1482 2476 1514 2510 V
1596 2473 1735 2521 ὁμοίασ
1763 2476 1792 2511 V

219 2530 259 2562 12
274 2527 391 2564 σιδόνι
404 2529 468 2564 PA
482 2533 617 2572 σιδῶνι,
636 2545 665 2566 ω
679 2531 702 2565 i.
716 2541 785 2565 ras.
800 2532 831 2565 V
904 2533 943 2566 13
958 2528 1168 2578 διαρπάξασ
1180 2531 1207 2564 Ρ
1222 2529 1447 2576 διαρπάσασ,
1465 2544 1487 2567 σ
1504 2535 1586 2566 ante
1604 2547 1626 2568 α
1643 2532 1666 2566 i.
1684 2542 1756 2567 ras.
1769 2533 1802 2566 A

220 2587 261 2618 14
292 2582 361 2620 τὰσ
385 2596 413 2620 s.
439 2586 472 2620 V
555 2585 789 2632 ὑπέστρεφεν
813 2586 946 2621 MVRG
1030 2585 1097 2632 τὴν
1120 2597 1188 2621 om.
1214 2586 1243 2620 L
1331 2590 1369 2621 15
1396 2582 1735 2634 άναθαρρήσαντεσ
1760 2589 1786 2623 C

220 2642 260 2673 16
286 2638 467 2686 συνῄεσαν
490 2641 539 2675 V2
632 2645 670 2675 17
697 2641 885 2678 ἐπέπεσαν
909 2643 936 2675 Ρ
961 2641 1182 2678 ἕπε’-σπασαν
1198 2643 1230 2675 Α
1322 2645 1361 2677 21
1387 2643 1455 2687 μὲν
1477 2645 1776 2691 καταλαβέσθαι]
1799 2645 1869 2689 μὲν

216 2692 278 2740 (μὴ
303 2696 381 2739 VR)
405 2695 734 2743 ἐγκαταλαβέσθαι
758 2697 853 2732 VRC
969 2700 1176 2743 δυνηθεῖεν,
1207 2711 1236 2734 ει
1262 2699 1283 2733 i.
1310 2709 1378 2733 ras.
1404 2710 1449 2734 m.
1477 2702 1495 2733 2
1520 2700 1554 2735 R
1667 2702 1708 2734 22
1734 2701 1868 2744 προαί-

217 2754 388 2792 σθοιντο]
414 2751 591 2797 oppidani
613 2753 899 2795 praesensissent
915 2753 995 2795 Lat,
1020 2754 1114 2788 unde
1132 2754 1167 2790 οὶ
1191 2751 1299 2790 ἔνδον
1323 2755 1496 2790 excidisse
1519 2759 1622 2800 putat
1646 2755 1819 2790 Destinon

217 2842 259 2874 23
286 2842 306 2875 δ
345 2839 375 2874 L
513 2817 688 2878 θάλαιῖαν
711 2844 743 2875 Α
881 2845 923 2876 24
948 2837 1217 2888 α’μφοτέροθεν
1239 2843 1273 2878 R
1386 2841 1555 2891 αἴρουσιν
1579 2848 1634 2887 (-
1660 2856 1695 2880 σι
1718 2843 1869 2886 MLVR)

217 2895 419 2930 PAMLVR
512 2893 635 2940 πόλιν]
661 2895 802 2943 ι’όππην
825 2897 887 2932 RC
898 2897 967 2933 Lat
991 2901 1026 2933 et
1049 2899 1072 2934 i.
1097 2909 1206 2943 marg.
1231 2911 1276 2935 m.
1304 2903 1323 2934 2
1347 2900 1380 2935 V

1905 880 1939 912 10

1903 1215 1939 1247 15

1904 1551 1940 1583 20
