2018 3236
139 454 215 493 531

138 586 217 626 532

137 787 216 827 533

140 1327 220 1366 536

139 1529 218 1569 537

139 1595 219 1635 538

247 140 327 176 344
656 136 721 170 DE
746 134 874 169 BELO
898 134 994 170 IUD.
1019 133 1072 167 III
1098 135 1275 168 530—538
1300 135 1335 175 (X
1361 139 1390 166 9.
1419 136 1471 176 10)

246 256 352 307 γίων
393 244 483 303 ἅμα
521 249 592 289 καὶ
635 245 918 289 διοιδούντων
955 245 1107 299 ἔγεμον
1148 241 1386 299 σωμάτων,
1428 244 1700 298 ἐκκαιόμενοι
1741 245 1786 287 δὲ
1824 247 1895 289 καὶ

246 318 466 372 μυδῶντες
506 315 547 356 οἱ
588 315 729 368 νεκροὶ
767 311 843 355 τὸν
884 307 992 368 ἇέρα
1032 312 1314 368 διέφθειρον,
1356 308 1416 361 ὦς
1457 310 1514 367 μὴ
1554 311 1688 365 μόνον
1728 311 1898 366 οἰκτρὸν

244 381 474 431 Ἰουδαίοις
504 383 715 436 γενέσθαι
744 378 792 422 τὸ
825 378 992 431 πάθος,
1026 374 1136 420 ἄλλα
1167 380 1240 421 καὶ
1273 376 1346 420 διὰ
1376 382 1533 432 μίσους
1563 387 1655 428 τοῖς
1686 377 1899 433 δράσασιν

252 450 411 493 ἐλθεῖν.
471 450 599 490 τοῦτο
639 446 717 500 μὲν
756 445 919 502 ἐκείνης
947 448 1024 502 τῆς
1055 448 1297 499 ναυμαχίας
1325 443 1373 487 τὸ
1406 445 1549 495 τέλος,
1591 441 1821 487 ἀπέθανον
1853 446 1896 488 δὲ

251 517 326 560 σὺν
347 525 439 566 τοῖς
461 515 537 558 ἐπὶ
557 516 635 570 τῆς
656 513 829 563 πόλεως
850 512 1065 568 πρότερον
1087 514 1299 555 πεσοῦσιν
1321 511 1604 565 ἑξακισχίλιοι
1628 511 1897 555 ἑπτακόσιοι.

364 588 428 627 10.
467 578 804 630 Οὐεσπασιανὸς
826 580 872 622 δὲ
893 579 1002 634 μετὰ
1024 579 1101 637 τὴν
1122 579 1261 636 μάχην
1288 579 1464 630 καθίζει
1493 579 1570 633 μὲν
1601 578 1676 622 ἐπὶ
1706 578 1899 636 βήματος

249 651 292 694 ἓν
327 653 579 704 Ταριχέαις,
622 649 854 702 διακρίνων
896 643 940 689 δ)
985 643 1075 689 άπὸ
1108 649 1194 689 τῶν
1225 646 1472 702 ἐπιχωρίων
1502 645 1578 688 τὸν
1610 646 1772 703 ἔπηλυν
1803 646 1898 699 λεώ,

248 717 462 772 κατάρξαι
500 716 582 773 γὰρ
627 711 752 765 οὗτος
792 714 932 757 ἐδόκει
972 715 1190 768 πολέμου,
1230 713 1339 768 μετὰ
1378 715 1465 756 τῶν
1502 709 1724 770 ἡγεμόνιον
1756 713 1794 756 εἰ
1820 712 1898 770 χρὴ

247 787 319 828 καὶ
354 784 535 835 τούτους
566 783 719 834 σώζειν
751 781 997 824 ἐσκέπτετο.
1049 785 1257 838 φαμένων
1290 781 1336 824 δὲ
1365 780 1530 823 τούτων
1560 780 1777 836 βλαβερὰν
1808 780 1901 823 ἔσε-

251 856 363 896 σθαι
399 852 476 909 τὴν
517 848 676 909 ἄφεσιν
718 848 880 901 αὐτῶν,
924 844 971 891 οὗ
1010 848 1091 904 γὰρ
1122 848 1355 906 ἠρεμήσειν
1386 844 1695 898 ἀπολυθέντας
1726 844 1902 903 ἀνθρώ-

249 937 362 971 πους
393 919 703 999 ἐστερημένους
732 917 810 971 μὲν
839 918 927 959 τῶν
957 917 1199 969 πατρίδιον,
1234 915 1474 970 βιάζεσθαι
1506 916 1551 958 δὲ
1582 917 1653 958 καὶ
1685 914 1797 996 πρὸς
1828 914 1901 965 οὓς

251 1005 302 1031 αν
332 987 643 1044 καταφύγωσιν
674 986 884 1038 πολεμεῖν
917 984 1200 1038 δυναμένοις,
1239 979 1576 1031 Οίεσπασιανος
1607 979 1666 1032 (ὃς
1695 983 1772 1037 μὲν
1804 977 1896 1024 οὔτ’

228 1053 367 1110 δᾶξίθι
413 1058 633 1112 σωτηρίας
677 1069 762 1095 ὃιδν
808 1069 877 1093 καί
926 1050 1239 1108 ὄιαφέὺξθνΐαι
1284 1049 1392 1092 κατὰ
1438 1067 1524 1091 των
1570 1065 1770 1106 αφδνΐων
1815 1048 1902 1104 &sls-

250 1138 431 1175 νωσκεν,
470 1139 547 1165 τον
587 1120 633 1163 δὲ
672 1116 839 1172 τρόπον
872 1114 1011 1161 αυτιῦν
1042 1121 1119 1175 τῆς
1150 1114 1415 1173 ἀναιρέσεως
1447 1117 1669 1160 διενοεῖτο.
1719 1119 1792 1160 καὶ
1821 1116 1902 1172 γὰρ

252 1186 415 1233 αιτόθι
452 1193 631 1232 κτείνων
671 1185 994 1240 εκπολεμιόσειν
1032 1183 1242 1242 υφωρᾶτο
1282 1201 1384 1234 τοις
1423 1183 1704 1239 επιχωρίους,
1746 1201 1794 1226 ου
1824 1200 1904 1239 γαρ

253 1253 494 1307 ἀνέξεσθαι
535 1257 839 1312 φονευομένων
881 1254 1031 1295 ἱκετιῦν
1070 1252 1291 1295 τοσούτων
1330 1247 1437 1307 παρ)
1484 1247 1652 1303 αύτοῑς,
1691 1253 1763 1294 καὶ
1793 1250 1904 1305 μετὰ

251 1328 426 1374 πίστεις
475 1323 728 1367 επιθέσθαι
772 1322 1072 1375 προελθοισιν
1119 1316 1192 1373 οἰχ
1237 1317 1462 1374 υπέμενεν.
1527 1318 1726 1368 εξενίκων
1773 1314 1813 1360 δ
1863 1335 1906 1360 οι

252 1392 378 1447 φίλοι
418 1391 552 1447 μηδὲν
590 1388 700 1432 κατὰ
726 1385 949 1431 Ιοτδαίων
989 1383 1141 1441 ἀσεβὲς
1182 1385 1294 1430 εἶναι
1333 1388 1528 1441 λέγοντες
1566 1388 1637 1428 καὶ
1670 1387 1826 1442 χρῆναι
1854 1383 1903 1427 τὸ

253 1461 475 1515 συμφέρον
499 1459 729 1514 αἶρεισθαι
751 1472 837 1510 προ
861 1471 937 1496 τοι
962 1457 1224 1509 πρέποντος,
1259 1450 1363 1496 όταν
1393 1452 1418 1510 ἦ
1450 1452 1508 1510 μὴ
1543 1452 1726 1495 δυνατὸν
1757 1449 1906 1508 άμφω.

252 1525 519 1575 κατανεύσας
565 1523 639 1567 οὖν
679 1518 828 1572 αυτοῖς
868 1519 1019 1565 ἄδειαν
1063 1518 1310 1578 ἆμφιβολον
1350 1520 1593 1575 ἐπέτρεψεν
1635 1519 1795 1570 εξιέναι
1834 1517 1905 1561 διὰ

251 1592 386 1649 μόνης
423 1594 499 1649 τῆς
539 1591 614 1634 επὶ
650 1590 890 1646 Τιβεριάδα
922 1589 1138 1646 φερούσης
1169 1586 1286 1631 ὁδοῦ.
1336 1591 1423 1630 τῶν
1455 1588 1500 1630 δε
1530 1591 1695 1641 ταχέως
1724 1601 1905 1629 πιστευ-

366 1780 905 1824 PAMLVRCLatHegesippus
929 1779 981 1813 III
1007 1781 1048 1813 26
1073 1790 1108 1823 p.
1135 1781 1211 1812 220.
1248 1777 1375 1812 Suidas
1400 1788 1428 1812 s.
1455 1774 1597 1822 ἔπηλυς.

369 1843 381 1873 l
408 1835 648 1884 ἐγκαιόμενοι
673 1836 806 1870 MLRG
952 1838 971 1868 2
997 1834 1213 1879 διέφθειραν
1238 1833 1263 1868 C
1379 1836 1398 1868 3
1422 1828 1621 1875 Ἰουδαίοις]
1647 1832 1839 1868 ἰουὸαίουσ
1864 1831 1906 1872 V,

251 1904 318 1929 om.
337 1893 363 1928 C
433 1895 577 1938 μίσους]
601 1890 741 1937 μύσους
757 1891 906 1926 Hudson
982 1893 1004 1924 4
1028 1887 1072 1925 τὸ
1099 1901 1165 1924 om.
1189 1889 1329 1925 AMVR
1399 1893 1416 1923 5
1443 1892 1534 1930 τοῖς]
1560 1892 1628 1934 τῆσ
1652 1889 1678 1923 C
1747 1886 1807 1924 ἐπὶ
1831 1890 1906 1930 τῆς]

253 1947 453 1994 ἐπισήμοισ
470 1952 539 1995 τῆσ
555 1949 617 1982 ΡΑ
687 1945 919 1987 ἑπτακόσιοι]
938 1946 1079 1990 PAHeg
1095 1943 1339 1981 πεντακόσιοι
1356 1944 1553 1980 LVRCLat
1570 1947 1605 1979 et
1626 1944 1649 1978 i.
1674 1953 1783 1986 marg.
1801 1943 1841 1977 M

253 2008 272 2039 6
296 2005 320 2039 i.
346 2015 454 2048 marg.
503 2001 562 2040 λς’
590 2004 615 2038 C
707 2002 768 2039 ἐπὶ
792 2005 859 2039 τοῦ
883 2001 1054 2048 βήματος
1078 2002 1131 2036 ed.
1157 2012 1210 2046 pr.
1330 2004 1346 2034 7
1373 2002 1589 2046 ταριχαίαισ
1615 1999 1716 2035 codd.
1834 2002 1908 2035 δια-

254 2063 396 2108 κρίνων
420 2082 463 2085 -
489 2061 560 2097 λεώ
584 2060 694 2094 habet
719 2059 845 2093 Suidas
940 2058 978 2094 δὲ
995 2057 1089 2091 VRC
1182 2057 1263 2098 τὸν]
1288 2054 1354 2102 τὴν
1377 2056 1445 2091 VR
1535 2052 1632 2091 λεὼν
1654 2054 1749 2089 VRC
1763 2055 1851 2090 Suid
1875 2061 1909 2089 et

254 2128 297 2152 ex
323 2128 414 2152 corr.
438 2117 472 2151 A
542 2120 561 2150 9
588 2113 776 2159 σώζεσθαι
800 2114 838 2148 Μ
910 2114 948 2150 δὲ
973 2124 1041 2149 om.
1071 2113 1095 2146 C
1166 2110 1323 2154 τούτων]
1349 2107 1504 2148 πάντων
1519 2111 1614 2146 VRC
1638 2111 1721 2145 fort.
1747 2115 1842 2146 recte

257 2178 292 2208 11
328 2176 405 2209 τῶν
433 2183 500 2207 om.
525 2172 621 2207 VRC
762 2173 800 2204 12
825 2167 872 2206 ἄν
896 2180 962 2204 om.
988 2169 1015 2202 P
1154 2171 1421 2214 καταφυγιῦσιν
1445 2168 1472 2201 Ρ
1613 2164 1908 2209 Οὐεσπασιανὸς]

256 2225 540 2265 οὐεσπασιανὸσ
570 2228 609 2264 δὲ
632 2227 732 2262 AVR
764 2223 783 2262 ὁ
814 2222 850 2261 δ’
877 2221 1159 2262 οὐεσπασιανὸσ
1182 2224 1209 2258 Ρ
1303 2221 1390 2260 οὔτε
1414 2223 1509 2258 VRC
1604 2226 1642 2257 13
1670 2221 1777 2265 ἄξιοι]
1802 2220 1911 2266 ἄξιοσ

253 2290 294 2320 ut
317 2285 389 2319 uid.
407 2285 454 2319 L¹
524 2287 599 2326 καὶ]
616 2284 650 2318 R
672 2280 744 2319 κᾶν
760 2281 884 2316 PAVC
909 2283 972 2317 καὶ
997 2280 1030 2316 εἰ
1044 2281 1114 2315 ML
1140 2277 1213 2317 κάν
1237 2280 1271 2316 εἰ
1292 2279 1506 2314 Herwerdeu
1531 2283 1676 2322 recepto
1701 2290 1783 2314 mox
1807 2289 1850 2313 ex
1873 2279 1911 2312 M

256 2337 479 2385 ὁπλίζεσθαι
607 2337 873 2384 διαφεύξωνται
897 2337 989 2371 PAC
1014 2341 1048 2371 et
1073 2346 1115 2370 ex
1141 2347 1230 2371 corr.
1254 2335 1286 2370 V
1356 2331 1540 2381 α’φέντων]
1566 2330 1741 2380 οἷφέντων
1767 2331 1912 2378 ὁπλίζε-

255 2400 346 2432 σθαι
370 2397 407 2430 Μ
545 2395 759 2441 ἐγίνωσκεν]
791 2392 974 2459 ἐγίνωσκε
999 2392 1035 2428 δὲ
1060 2392 1112 2432 (δὲ
1135 2392 1159 2426 i
1183 2402 1254 2426 ras.
1284 2395 1296 2425 1
1324 2391 1390 2425 litt.
1417 2401 1460 2424 m.
1489 2392 1521 2431 2)
1545 2390 1575 2423 L
1715 2394 1756 2425 14
1779 2387 1848 2426 τὸν
1872 2391 1910 2428 δὲ

256 2450 417 2499 τρόπον]
442 2451 625 2487 ML¹VRC
656 2448 725 2487 τὸν
755 2447 903 2516 τρόπον
926 2448 1055 2483 PA¹L²
1085 2444 1156 2483 τὸν
1185 2444 1333 2492 τρόπον
1364 2446 1402 2483 δὲ
1430 2456 1474 2480 ex
1498 2456 1588 2480 corr.
1614 2447 1646 2479 A
1668 2446 1732 2481 secl
1754 2446 1798 2480 de
1821 2457 1910 2490 qua-

257 2509 358 2543 litate
381 2508 451 2542 Lat
571 2510 640 2552 τῆσ
665 2502 899 2551 αναιρέσεωσ
924 2500 1047 2540 αὐτῶν
1071 2505 1115 2537 tr.
1141 2502 1236 2537 VRC
1376 2506 1415 2537 15
1442 2498 1732 2545 ἐκπολεμώσειν]
1757 2500 1910 2537 εκπολε-

256 2567 377 2607 μῶσιν
402 2564 440 2607 O,
465 2573 534 2598 om.
558 2563 629 2597 Lat
697 2558 870 2608 υφορᾶτο
895 2559 1052 2594 PR¹V¹C
1121 2554 1195 2604 γὰρ
1219 2568 1287 2592 om.
1312 2558 1380 2591 Lat
1451 2560 1491 2592 16
1517 2554 1655 2598 αὐτοῖς]
1673 2557 1912 2591 MLVRCLat

259 2615 375 2655 αὐτοῦ
396 2619 458 2652 ΡΑ
564 2615 658 2663 μετὰ
686 2619 839 2658 πίστεις]
864 2616 1132 2659 μεταπεισθεὶσ
1156 2613 1220 2646 AL
1332 2616 1370 2647 17
1395 2609 1609 2652 ἐπιθέσθαι]
1635 2623 1701 2646 om.
1726 2612 1754 2646 P
1778 2613 1850 2646 uim
1868 2633 1910 2637 —

259 2674 394 2718 afferre
418 2674 488 2708 Lat
594 2675 873 2718 προσελθοῦσιν
896 2670 1032 2705 PAML
1061 2671 1317 2714 παρελθοῦσιν
1342 2668 1368 2702 C
1393 2669 1521 2702 deditis
1544 2667 1614 2701 Lat
1718 2663 1913 2711 ῧπέμεινεν

259 2762 353 2797 PAL
446 2760 483 2798 δὲ
509 2763 603 2797 VRO
714 2764 752 2795 18
776 2756 973 2800 Ἰουδαίων]
998 2762 1075 2794 τῶν
1099 2758 1276 2794 ἰουδαίων
1298 2757 1337 2791 Μ
1455 2761 1494 2792 19
1520 2735 1744 2802 &pm-35&
1835 2752 1911 2801 πρὸ

258 2830 325 2854 om.
363 2819 389 2853 C
559 2812 592 2863 ᾖ]
634 2815 658 2861 ἦ
693 2816 758 2850 VR
930 2817 971 2848 20
1010 2810 1158 2856 ἐξιέναι]
1196 2816 1258 2848 καὶ
1296 2810 1430 2855 ἐξιέναι
1466 2813 1494 2846 P
1532 2811 1666 2854 ἐξεῖναι
1710 2810 1913 2846 AMLVRC

258 2875 360 2911 exire
384 2874 452 2908 Lat

1932 857 1969 889 10

1936 1192 1971 1224 15
