2039 3251
65 863 100 895 10

64 1202 98 1233 15

60 1541 96 1573 20

577 134 642 168 DE
669 134 827 170 BELLO
853 134 948 170 IUD.
974 135 1023 169 VI
1053 138 1180 170 14-21
1208 139 1231 176 (1
1260 141 1288 167 2.
1317 138 1349 179 3)
1714 139 1792 175 515

135 247 179 289 δὲ
201 246 279 304 τὴν
302 247 374 290 ἐπὶ
400 257 649 304 συμφοραῖς
675 243 892 301 είθυμίαν
916 245 1048 291 εἶναι·
1080 251 1124 290 τί
1144 247 1226 303 γὰρ
1250 242 1301 291 ἷὲν
1322 248 1379 305 μὴ
1403 246 1651 306 ὑποστῆναι
1673 250 1795 307 δεξιᾷ

133 314 233 371 τύχῃ
255 314 502 369 χρωμένους
524 315 626 365 τοίς
649 312 733 357 ὑπὸ
757 318 897 357 κακῶν
919 315 1032 370 πρὸς
1054 312 1188 371 ἄλκην
1208 317 1528 370 τρεπομένους,·
1555 318 1596 359 οἱ
1618 318 1697 371 μὲν
1719 309 1794 361 οὖν

134 383 508 437 ἐρρωμενεστέρας
547 382 620 425 διὰ
652 385 791 425 ταῦτα
829 386 916 425 τῶν
951 383 1168 436 χωμάτων
1208 383 1440 426 ἐποιοῦντο
1472 384 1551 434 τὰς
1582 385 1792 442 φυλακάς.

250 456 287 494 3.
328 451 381 493 Οἱ
405 450 449 492 δὲ
474 452 575 505 περὶ
608 449 685 492 τὸν
710 447 913 507 Ἰωάννην
943 450 1053 493 κατὰ
1079 450 1157 507 τὴν
1184 448 1422 494 Ἀντωνίαν
1455 447 1545 506 ἅμα
1576 455 1647 495 καὶ
1681 453 1794 508 πρὸς

132 518 180 560 τὸ
215 520 387 573 μέλλον,
421 518 459 560 εἰ
489 521 815 575 καταρριφθείη
849 517 897 560 τὸ
932 527 1089 571 τεῖχος,
1122 515 1418 574 ἠσφαλίζοντο
1450 522 1520 562 καὶ
1555 522 1660 573 πρὶν
1693 520 1791 564 ἐπι-

134 588 289 641 στῆναι
328 585 430 636 τοὺς
468 585 616 640 κριοὺς
655 585 871 628 ἐπέθεντο
912 595 1005 635 τοῖς
1045 585 1200 641 ἔργοις.
1262 583 1310 628 οὗ
1349 586 1433 643 μὴν
1475 587 1716 645 ἐκράτησάν
1745 606 1791 644 γε

131 656 207 711 τῆς
239 653 562 711 ἐπιχειρήσεως,
597 650 706 695 ἀλλὰ
738 652 1041 707 προελθόντες
1070 653 1181 706 μετὰ
1214 653 1461 707 λαμπάδων
1485 657 1590 710 πρὶν
1623 655 1791 710 ἐγγίσαι

131 731 224 771 τοῖς
252 722 427 776 χώμασι.
460 721 724 775 ψυχρότεροι
748 723 824 777 τῆς
846 720 1026 770 ἐλπίδος
1058 718 1358 775 ὑπέστρεψαν.
1411 725 1589 776 πρῶτον
1610 723 1688 776 μὲν
1709 723 1791 779 γὰρ

133 784 226 830 οὔδ’
264 786 465 843 ὁμονοεῖν
496 786 519 845 ἡ
545 792 701 843 σκέψις
733 784 875 830 αὗτῶν
908 787 1032 844 ἐῴκει
1063 786 1174 829 κατὰ
1213 791 1346 844 μέρος
1385 787 1676 846 ἐκπηδώντων
1714 786 1793 833 κᾶκ

132 855 460 911 διαλειμμάτων
491 857 563 898 καὶ
593 856 929 913 μεμελλημένως
959 854 1070 909 μετὰ
1105 856 1230 906 δέους
1260 857 1459 899 καθόλου
1481 874 1527 899 τε
1551 857 1693 900 εἰπεῖν
1719 857 1792 900 οῖ’-κ

126 919 393 974 Ἰουδαϊκῶς·
434 923 488 966 τὰ
528 922 609 978 γάρ
651 923 745 965 ἰ’δια
783 926 860 966 τοῦ
902 923 1061 973 ἔθνους
1099 920 1310 980 ὑστέρητο
1351 919 1443 978 ἷῖμα
1482 922 1507 981 ἡ
1539 924 1680 978 τόλμα
1720 927 1791 967 καὶ

131 989 242 1049 ὁρμὴ
266 993 337 1034 καὶ
360 991 521 1045 δρόμος
551 988 663 1045 ὁμοῦ
694 990 875 1033 πάντων
896 992 968 1033 καὶ
991 990 1040 1034 τὸ
1063 991 1174 1048 μηδὲ
1205 996 1451 1042 πταίοντας
1483 988 1790 1049 ἀναστρέφειν.

132 1055 395 1115 ἀτονώτεροι
417 1054 458 1100 δ’
486 1057 651 1100 ἑαυτῶν
683 1058 984 1112 προελθόντες
1008 1060 1080 1101 καὶ
1102 1057 1205 1109 τοὺς
1230 1058 1468 1113 Ῥωμαίους
1500 1056 1624 1115 εὗρον
1656 1059 1791 1114 ἐρρω-

130 1130 388 1181 μενέστερον
409 1128 486 1167 τοῦ
509 1125 730 1183 συνήθους
760 1129 1196 1181 παρατεταγμένους’
1229 1135 1321 1176 τοῖς
1351 1130 1429 1181 μέν
1451 1144 1498 1183 γε
1521 1127 1697 1181 σώμασι
1718 1129 1789 1169 καὶ

129 1203 225 1244 ταῖς
256 1194 531 1243 πανοπλίαις
555 1189 692 1242 οὕτως
715 1192 961 1250 ἐφράξαντο
984 1193 1038 1236 τὰ
1057 1193 1242 1248 χώματα
1266 1194 1495 1237 πάντοθεν
1517 1191 1577 1244 ῶς
1596 1196 1660 1250 τῷ
1682 1196 1790 1249 πυρὶ

128 1261 389 1319 μηδαμόθεν
419 1262 678 1304 καταλιπεῖν
710 1261 975 1316 παράδυσιν,
1007 1261 1084 1317 τὴν
1107 1262 1153 1304 δὲ
1184 1261 1326 1317 ψυχὴν
1358 1261 1578 1305 ἐτόνωσαν
1611 1261 1791 1311 ἕκαστος

127 1329 185 1386 μὴ
217 1331 568 1385 μετακινηθῆναι
598 1331 675 1386 τῆς
705 1328 870 1379 τάξεως
901 1328 989 1383 πρὸ
1022 1331 1237 1372 θανάτου.
1298 1328 1413 1384 πρὸς
1441 1329 1524 1385 γὰρ
1555 1332 1619 1385 τῷ
1641 1329 1790 1379 πάσας

130 1393 272 1440 αὐτῶν
304 1395 649 1440 ὑποκόπτεσθαι
678 1396 757 1446 τὰς
790 1396 988 1447 ἐλπίδας,
1023 1397 1061 1439 εἰ
1082 1395 1259 1440 κάκεῑνα
1280 1397 1572 1454 καταφλεγείη
1595 1396 1649 1438 τὰ
1672 1396 1786 1452 ἔργα,

129 1465 245 1521 δεινὴ
280 1464 381 1515 τοὺς
408 1464 682 1519 στρατιώτας
705 1462 815 1517 εἶχεν
839 1463 986 1514 αἰδώς,
1020 1464 1057 1506 εἰ
1080 1463 1227 1506 πάντα
1248 1464 1511 1522 κρατήσειαν
1542 1468 1790 1519 πανουργία

125 1533 203 1587 μὲν
237 1529 403 1590 ἀρετῆς,
439 1529 634 1575 ἀπόνοια
666 1527 704 1573 δ’
741 1528 905 1583 ὅπλων,
938 1533 1117 1587 πλῆθος
1149 1527 1190 1573 δ’
1228 1531 1473 1586 ἐμπειρίας,
1506 1529 1712 1575 Ἰουδαῖοι
1744 1531 1790 1573 δὲ

124 1597 359 1654 Ῥωμαίων.
411 1596 502 1654 ἷῖμα
525 1600 570 1643 δὲ
592 1595 838 1656 τάφετήρια
871 1599 1072 1654 συνήργει
1101 1601 1186 1641 τῶν
1218 1599 1553 1656 προπηδώντων
1586 1598 1787 1655 ἐφικνού-

237 1769 467 1804 PAMLVRC
478 1769 548 1803 Lat
559 1769 857 1813 SyrHegesippus
883 1769 914 1803 V
942 1771 983 1802 26
1007 1779 1043 1812 p.
1071 1771 1147 1802 335.
1188 1768 1316 1803 Suidas
1342 1778 1370 1803 s.
1397 1768 1546 1815 ψυχρὸς
1569 1765 1787 1815 ἄνθρωπος,

239 1829 251 1860 1
282 1827 327 1867 τί]
353 1828 397 1871 τῆ
421 1825 449 1859 Ρ
564 1826 602 1860 τί
623 1844 668 1850 -
693 1827 712 1859 2
735 1824 967 1870 χρωμένους]
991 1835 1074 1858 nam
1100 1824 1181 1869 quis
1206 1835 1266 1858 eos
1290 1825 1326 1858 in
1352 1825 1458 1860 rebus
1489 1824 1657 1859 secundis
1680 1826 1788 1858 susti-

123 1886 205 1916 neat
229 1881 300 1916 Lat
437 1884 560 1924 δεξιᾶν
586 1881 631 1915 C¹
769 1876 899 1926 ἀλκὴν]
925 1875 1111 1926 άλλήλουσ
1138 1880 1163 1914 C
1282 1883 1300 1914 2
1327 1874 1407 1922 οὖν]
1434 1874 1502 1917 οὖν
1527 1877 1630 1927 πρὸσ
1653 1880 1683 1913 L

121 1936 323 1974 ἐποιοῦντο
349 1935 422 1974 τὰσ
446 1937 622 1984 φυλακάσ
647 1939 723 1972 τῶν
744 1934 935 1982 χωμάτιον
959 1940 1003 1971 tr.
1029 1937 1058 1970 L
1153 1940 1173 1971 4
1198 1930 1276 1980 ἅμα
1302 1947 1369 1971 om.
1397 1936 1425 1970 P
1533 1937 1788 1983 καταριφθείη

123 1994 164 2028 C¹
189 1995 456 2040 κατερειφθείη
480 1993 523 2029 L.
550 1991 706 2028 Dindorf
820 1997 836 2026 ἵ
864 1988 972 2034 ἄλλα]
998 1989 1092 2029 α’λλὰ
1118 1996 1181 2029 καὶ
1206 1994 1236 2028 L
1353 1990 1624 2037 προελθόντες]
1651 1994 1703 2026 ed.
1730 2003 1784 2036 pr.

122 2047 411 2097 προσελθόντεσ
436 2050 536 2084 codd.
563 2048 730 2094 aqqressi
751 2048 822 2083 Lat
843 2058 1055 2094 processere
1079 2049 1156 2093 Heg
1250 2053 1268 2084 8
1295 2046 1528 2095 ψυχρότεροι
1550 2070 1590 2073 -
1609 2048 1785 2095 ὑπέστρε·

122 2119 201 2153 ψαν
223 2107 333 2141 habet
357 2106 484 2140 Suidas
579 2107 746 2151 πρῶτον]
778 2102 973 2151 πρότερον
998 2105 1024 2138 C
1141 2108 1160 2139 9
1191 2101 1276 2141 οὐδὲ
1298 2104 1426 2140 LVRC
1519 2102 1640 2152 ἐῴκει]
1665 2101 1786 2140 ἐδόκει

121 2162 270 2207 VCLips
294 2161 369 2198 ἐκεί
386 2162 434 2196 R¹
452 2160 528 2198 ἐκεὶ
552 2162 601 2196 R2
693 2158 934 2207 ἐκπηδόντων
950 2160 1028 2194 PA¹
1120 2163 1184 2196 καὶ
1199 2159 1242 2196 ἐκ
1258 2160 1325 2195 VR
1420 2164 1459 2195 10
1486 2158 1741 2205 διαλιμμάτων
1757 2161 1785 2194 Ρ

120 2216 385 2265 διαλημμάτων
408 2220 439 2251 Α
464 2214 713 2261 διαλειμάτων
736 2216 767 2250 L
859 2215 1155 2262 μεμελλημένως]
1181 2217 1505 2262 διαμεμελημένων
1529 2216 1559 2250 L
1649 2215 1685 2252 τ’
1714 2217 1740 2251 C

122 2270 201 2317 οὐκ]
229 2271 295 2321 οὐχ
320 2275 380 2308 ΡΑ
408 2269 489 2320 οὐχὶ
515 2274 565 2314 M,
590 2284 657 2309 om.
684 2273 750 2316 Syr
847 2275 881 2306 11
910 2269 956 2308 τὰ
982 2282 1024 2306 ex
1047 2269 1092 2308 τὸ
1112 2283 1203 2308 corr.
1229 2273 1257 2307 P
1349 2269 1545 2319 ὑστέρητο]
1570 2268 1715 2318 ὑστέρει
1740 2270 1785 2308 τὸ

121 2331 182 2365 ΡΑ
206 2328 400 2375 ὗστερεῖτο
426 2330 456 2364 L
480 2328 628 2374 ὑστέρει
653 2328 825 2363 Destinon
912 2322 990 2373 ἅμα
1016 2329 1161 2363 damnat
1185 2329 1360 2364 Destinon
1451 2325 1471 2375 ἡ
1499 2339 1566 2363 om.
1593 2328 1741 2363 Richter

121 2384 238 2434 τόλμη
263 2387 293 2421 L
385 2389 448 2422 καὶ
473 2382 493 2432 ἡ
521 2383 618 2432 ὁρμὴ
645 2385 703 2419 PL
800 2387 839 2419 12
865 2382 1020 2430 δρόμος]
1053 2382 1198 2431 δρόσοσ
1222 2385 1251 2419 L
1343 2386 1433 2431 μηδὲ
1463 2386 1685 2426 πταίοντας]
1708 2385 1786 2418 sine

121 2444 321 2489 offensione
337 2443 407 2477 Lat
432 2447 466 2477 et
490 2443 651 2477 similiter
674 2442 741 2486 Syr
833 2442 1026 2477 παίοντασ
1050 2441 1079 2474 L
1176 2445 1215 2476 13
1240 2437 1427 2489 οἷνώτεροι
1451 2442 1481 2476 L
1576 2437 1608 2475 δ’
1629 2438 1785 2481 ἑαυτῶν]

121 2499 158 2535 δὲ
182 2501 212 2533 Α
237 2500 275 2536 δὲ
300 2495 424 2535 αὐτῶν
447 2499 474 2532 Ρ
501 2494 537 2534 δ’
561 2494 686 2534 αὐτῶν
709 2498 739 2532 L
765 2497 803 2534 δὲ
828 2497 974 2533 ἑαυτῶν
999 2497 1133 2532 MVRC
1230 2502 1269 2532 15
1293 2496 1466 2544 χώματα]
1496 2494 1654 2541 σώματα
1679 2497 1740 2531 PL

121 2553 326 2597 πάντοθεν]
358 2553 605 2601 πανταχόθεν
629 2555 656 2588 Ρ
681 2556 744 2590 καὶ
768 2551 964 2590 πάντοθεν
987 2553 1021 2588 R
1112 2556 1180 2602 τῷ]
1213 2551 1257 2590 τὸ
1283 2555 1316 2586 A
1412 2557 1452 2588 16
1476 2556 1719 2589 καταλειπεῖν
1742 2563 1787 2586 ex

121 2622 209 2646 corr.
235 2613 262 2645 P
355 2612 597 2656 παρείσδυσιν
620 2611 650 2644 L
674 2610 757 2644 fort.
790 2613 887 2644 recte
979 2606 1171 2646 ἐτόνωσεν
1194 2610 1265 2645 ML
1363 2614 1398 2644 Π
1435 2613 1504 2656 τῆσ
1531 2605 1786 2655 παρατάξεωσ

123 2665 190 2701 ML
290 2664 365 2713 πρὸ
381 2667 433 2701 ·V
538 2670 579 2701 18
603 2663 906 2707 ὑποκόπτεσθαι]
930 2663 1144 2702 κόπτεσθαι
1167 2666 1198 2700 L
1298 2665 1333 2702 εἰ
1354 2668 1417 2702 καὶ
1442 2672 1600 2702 κακεῖνα
1625 2667 1701 2706 (καὶ
1726 2675 1784 2699 ex-

122 2724 291 2764 punctum
321 2722 406 2764 uid.)
430 2723 460 2756 L
552 2721 806 2767 καταφλέγειν
829 2721 858 2755 L
954 2725 994 2757 19
1024 2720 1230 2768 κρατήσειν
1252 2722 1282 2756 L
1376 2725 1418 2756 20
1450 2718 1618 2758 ἀπονοία
1644 2720 1738 2754 PLV

123 2776 160 2812 δὲ
184 2776 277 2812 VRC
370 2779 408 2814 δὲ
431 2779 525 2814 VRC
619 2782 658 2813 21
687 2771 765 2822 ἅμα
790 2777 839 2819 δὲ]
873 2772 951 2822 ἅμα
977 2777 1015 2814 δὲ
1037 2780 1101 2813 καὶ
1125 2778 1155 2812 L
1181 2772 1259 2823 ἅμα
1285 2777 1323 2813 δὲ
1347 2773 1400 2813 ἔτι
1423 2780 1487 2813 καὶ
1512 2777 1618 2812 MVR
1642 2770 1720 2820 ἅμα
1745 2776 1784 2811 δέ

123 2844 155 2866 τι
180 2834 242 2866 καὶ
267 2832 293 2866 C
317 2832 398 2867 fort.
423 2839 519 2869 recte
544 2835 650 2869 simul
673 2838 790 2869 autem
814 2834 883 2868 Lat
984 2830 1029 2870 τὰ
1062 2829 1246 2879 ἀφετήρια
1272 2833 1440 2868 MLVRC
1542 2834 1727 2879 συνείργει
1754 2833 1781 2866 L

122 2883 266 2933 ἐνήργει
292 2888 318 2921 C
410 2889 685 2935 προπηὸόντων
710 2890 772 2924 PA

1439 2946 1511 2978 33*

1826 1061 1874 1101 18

1826 1130 1875 1169 19

1822 1332 1874 1371 20

1819 1602 1866 1640 21
