2018 3236
136 891 188 930 26

139 1162 190 1200 27

219 169 299 206 350
689 164 755 198 DE
779 163 939 197 BELLO
963 162 1058 197 IUD.
1083 162 1132 196 IV
1157 164 1289 196 22—29
1315 164 1338 204 (Ι
1364 170 1392 205 4)

221 284 273 338 τῇ
305 279 527 335 στενότητι
557 279 629 320 καὶ
662 277 880 332 δυσχωρίᾳ
909 276 1201 329 θλιβομένους
1233 270 1434 331 ἀνῄρουν.
1485 276 1527 317 οἱ
1559 275 1605 317 δὲ
1634 274 1743 332 μήτε
1772 275 1874 326 τοῦς

223 348 331 391 κατὰ
353 345 546 402 κορυφὴν
569 341 828 397 ἀμύνασθαι
854 342 1087 396 δυνάμενοι
1116 341 1225 398 μήτε
1256 341 1500 384 διεκπαίειν
1531 344 1617 384 τῶν
1649 345 1874 399 σφετέρων

220 415 376 470 πρόσω
417 412 687 467 βιαζομένων
727 409 803 452 ἐπὶ
839 408 920 459 τὰς
959 409 1099 458 οἰκίας
1129 411 1215 450 τῶν
1246 409 1491 462 πολεμίων,
1531 408 1762 465 πρόσγειοι
1791 408 1873 465 γὰρ

173 499 175 502 ’
220 482 350 537 ἦσαν,
392 477 643 536 ἀνέφευγον.
695 477 739 520 αἱ
772 477 818 520 δὲ
848 479 1011 530 ταχέως
1040 480 1357 532 κατηρείποντο
1389 475 1691 532 πληρούμεναι
1719 478 1792 519 καὶ
1822 476 1870 518 τὸ

220 550 356 605 βάρος
403 547 462 605 μὴ
509 549 761 601 στέγουσαι,
815 547 1010 586 κατέσειε
1055 543 1101 585 δὲ
1147 542 1317 592 πολλὰς
1360 546 1441 597 μία
1485 545 1571 585 τῶν
1614 539 1693 585 ὕπ’
1745 539 1875 600 αὐτῆς

221 619 420 659 πεσοῦσα
458 616 530 658 καὶ
570 613 706 656 πάλιν
746 611 905 655 ἐκεῖναι
934 610 1014 660 τὰς
1044 606 1123 652 ὑπ’
1161 606 1309 660 αῦτάς.
1359 612 1488 653 τοῦτο
1519 611 1755 660 πλείστους
1786 610 1875 653 διέ-

220 688 382 741 φθειρε
425 685 512 725 τῶν
547 679 792 735 Ῥωμαίων·
837 676 924 721 ὑπὸ
971 676 1053 733 γὰρ
1099 673 1342 733 ἀμηχανίας
1383 681 1528 721 καίτοι
1566 677 1876 729 συνιζανούσας

219 750 406 806 ὁρωντες
429 749 665 806 ἐπεπήδων
686 756 783 796 ταῖς
817 749 1002 801 στέγαις,
1033 747 1106 788 καὶ
1137 745 1298 787 πολλοὶ
1327 745 1406 798 μὲν
1436 745 1753 798 κατεχώννυντο
1782 753 1876 794 τοῖς

220 819 453 874 ἐρειπίοις,
494 817 655 859 πολλοὶ
688 810 726 856 δ)
762 811 1088 869 ’ὑποφεύγοντες
1119 815 1227 869 μέρη
1258 814 1336 854 τοῦ
1367 812 1571 866 σώματος
1599 811 1875 866 κατελαμβά-

222 903 367 938 νοντο,
408 887 645 933 πλείστους
686 882 732 924 δὲ
771 879 792 923 ὁ
832 878 1056 933 κονιορτὸς
1096 876 1236 934 ἄγχων
1277 875 1439 935 ἆνῄρει.
1498 883 1724 935 συνεργίαν
1763 881 1875 921 θεοῦ

219 957 347 997 τοῦτο
371 954 592 1007 Γαμαλεῖς
612 948 926 1002 ὑπελάμβανον
957 948 1028 989 καὶ
1050 948 1126 1003 τῆς
1146 945 1255 988 κατὰ
1279 950 1396 1003 σφᾶς
1423 942 1680 1001 ἀμελοῦντες
1709 945 1876 1002 βλάβης

222 1022 464 1072 ἐπέκειντο,
508 1019 620 1075 πρός
658 1035 705 1060 τε
742 1015 796 1059 τά
829 1019 954 1072 στέγη
985 1013 1087 1064 τοῦς
1118 1016 1359 1068 πολεμίους
1395 1010 1674 1064 ἀνωθοῦντες
1703 1018 1777 1056 καί
1805 1030 1875 1056 τοι

219 1088 626 1136 κατολισθάνοντας
665 1081 862 1134 ἐνοξέσι
891 1091 985 1132 τοῖς
1017 1091 1261 1131 στενωποῖς
1291 1083 1363 1124 καὶ
1395 1076 1465 1123 ἇεὶ
1494 1080 1596 1131 τοῦς
1626 1085 1876 1130 πίπτοντας

223 1157 417 1211 ὕπερθεν
455 1155 689 1210 βάλλοντες
728 1152 929 1194 ἔκτεινον.
987 1151 1058 1192 καὶ
1097 1148 1153 1190 τὰ
1187 1149 1266 1203 μὲν
1298 1148 1473 1202 ἐρείπια
1501 1148 1730 1203 χερμάδιον
1760 1148 1875 1189 πλέα

220 1216 271 1281 ἦν
313 1220 481 1275 αὐτοῖς,
523 1222 702 1277 σίδηρον
742 1219 787 1261 δὲ
828 1226 1036 1271 παρεῖχον
1077 1217 1118 1259 οἱ
1149 1219 1236 1258 τιῦν
1267 1217 1493 1270 πολεμίων
1525 1220 1685 1270 νεκροί·
1728 1231 1875 1270 παρα-

221 1295 419 1341 σπῶντες
456 1290 537 1347 γὰρ
577 1288 630 1330 τὰ
670 1289 755 1329 τῶν
794 1284 1021 1327 πεσόντων
1060 1284 1163 1340 ξίφη
1204 1283 1314 1326 κατὰ
1352 1285 1438 1325 τῶν
1479 1281 1874 1325 δυσθανατούντων

225 1359 423 1414 ἐχρῶντο.
496 1357 656 1399 πολλοὶ
708 1350 749 1396 δ’
801 1349 890 1394 άπὸ
939 1351 1197 1414 πιπτόντων
1242 1348 1321 1407 ’ἤδη
1366 1353 1452 1392 τῶν
1499 1349 1711 1404 δωμάτων
1758 1350 1876 1404 σφᾶς

224 1423 382 1476 αὐτοὺς
402 1421 637 1480 βάλλοντες
659 1422 885 1478 ἔθνησκον.
935 1417 986 1475 ἠν
1009 1414 1048 1460 δ’
1085 1414 1184 1460 οῦδὲ
1215 1421 1469 1471 τραπέντων
1499 1415 1522 1472 ἡ
1558 1416 1669 1474 φυγή
1702 1415 1873 1473 ῥᾴδιος·

222 1493 332 1536 κατὰ
354 1493 435 1548 γὰρ
459 1489 638 1547 ἄγνοιαν
659 1491 745 1531 τῶν
767 1485 881 1531 ὁδῶν
902 1488 974 1529 καὶ
997 1485 1224 1543 παχύτητα
1244 1488 1321 1527 τοῦ
1347 1487 1572 1541 κονιορτοῦ
1602 1484 1712 1542 μηδὲ
1744 1479 1875 1537 άλλη-

223 1562 325 1611 λους
357 1559 717 1615 ἐπιγινώσκοντες
749 1552 998 1598 ἀνειλοῦντο
1029 1555 1101 1595 καὶ
1133 1554 1236 1606 περὶ
1269 1555 1386 1607 σφᾶς
1417 1553 1620 1595 ἔπιπτον.

337 1728 566 1764 PAMLVRC
578 1725 876 1769 LatHegesippus
900 1724 950 1758 IV
975 1727 987 1756 1
1018 1734 1052 1767 p.
1080 1724 1156 1756 223.

338 1800 357 1831 2
383 1793 590 1841 ἀμύνεσθαι
610 1796 642 1829 Α
711 1797 731 1828 4
755 1794 1047 1838 κατηρείποντο]
1072 1790 1373 1836 κατερρίπτοντο
1395 1788 1424 1822 L
1450 1788 1727 1833 κατηρίπωντο,
1752 1802 1773 1832 η
1797 1796 1839 1820 ex
1864 1802 1875 1821 L

227 1866 318 1890 corr.
337 1855 363 1889 C
387 1855 644 1899 κατηρίποντο
664 1851 696 1884 R
833 1853 850 1882 5
876 1848 1086 1892 στέγουσαι]
1111 1846 1292 1892 φέρουσαι
1308 1845 1338 1878 L
1475 1840 1598 1888 αὐτῆς]
1624 1838 1737 1888 αὐτὴν
1760 1843 1875 1877 ML2O

683 1922 693 1941 ι
708 1919 730 1941 σ

226 1954 359 1993 ιιῦτοῖσ
388 1958 427 1988 ut
451 1955 522 1989 uid.
547 1954 598 1987 L¹
626 1922 749 1988 afizlwv
773 1957 839 1991 (ων
864 1951 1089 1993 expunctum)
1115 1946 1144 1979 V
1171 1940 1286 1987 αὐτὰς
1309 1945 1416 1980 Niese
1485 1948 1504 1978 6
1529 1942 1650 1980 τούτω
1673 1943 1740 1978 VR
1809 1943 1875 1978 διέ-

227 2018 391 2060 φθειραν
406 2011 473 2046 VR
543 2014 560 2044 7
580 2005 859 2053 ovvc‘gmffoz'vccg]
878 1998 1087 2048 συνιζαίσασ
1102 2002 1148 2036 L¹
1174 1998 1395 2044 συνιζούσασ
1413 2000 1554 2035 L²VRC
1578 2014 1625 2047 γρ
1650 1997 1876 2045 συμπιπτού-

225 2083 299 2106 σασ
329 2070 351 2103 i.
382 2078 490 2111 marg.
516 2068 548 2101 A
618 2068 637 2100 8
667 2065 826 2111 στέγαις]
852 2063 980 2109 τέγαισ
1003 2062 1049 2096 L¹
1117 2054 1377 2102 κατεχώνυντο
1403 2057 1435 2091 V
1505 2060 1523 2091 9
1548 2057 1713 2103 ἐριπίοισ
1736 2055 1769 2090 R
1838 2055 1876 2091 δὲ

226 2127 318 2162 VRC
409 2125 514 2171 μέρει
539 2122 693 2157 Dindorf
715 2132 757 2155 ex
783 2120 859 2155 cod.
885 2120 926 2154 L.
953 2120 993 2153 B.
1067 2121 1105 2152 10
1131 2113 1164 2152 δ’
1189 2116 1219 2150 L
1296 2112 1424 2160 ἄγχων
1448 2124 1490 2148 ex
1515 2109 1636 2159 ἔγχων
1660 2123 1750 2147 corr.
1775 2112 1807 2146 V

227 2183 437 2229 συνεργίαν]
464 2180 682 2226 σννεργείαν
700 2178 728 2211 Ρ
754 2179 789 2211 et
812 2179 852 2211 ut
875 2176 947 2210 uid.
972 2175 1021 2210 V¹
1045 2174 1262 2220 συνέργειαν
1285 2171 1318 2206 R
1432 2171 1630 2216 συνεργίαν
1651 2188 1698 2194 —
1724 2172 1761 2202 11
1787 2164 1874 2204 ὑπε-

225 2238 434 2286 λάμβανον]
466 2237 530 2272 secl
559 2248 601 2271 ecc
632 2234 857 2280 (samalenses
885 2243 955 2278 pro
984 2242 1022 2266 se
1050 2231 1132 2275 fieri
1160 2228 1417 2264 existimabant
1440 2225 1509 2259 Lat
1648 2228 1684 2259 11
1711 2218 1873 2267 ὑπελάμ-

226 2300 344 2342 βανεν
366 2295 415 2328 V¹
520 2290 748 2336 κατὰσσφάσ
773 2290 804 2322 Α
916 2290 953 2321 12
982 2284 1079 2333 πρός
1104 2299 1144 2322 τε
1169 2306 1210 2310 -
1240 2287 1279 2319 14
1305 2280 1483 2323 ἔκτεινον]
1508 2281 1696 2326 hostesque
1719 2282 1756 2315 in
1780 2284 1872 2315 tecta

226 2364 293 2386 sua
319 2350 484 2396 quamuis
508 2349 667 2383 labentes
689 2343 922 2381 sustentando
947 2341 1213 2388 compellebant.
1250 2340 1313 2385 qui
1336 2349 1422 2374 uero
1441 2349 1513 2384 per
1536 2340 1708 2381 anqustos
1730 2336 1872 2370 uiarum

226 2408 340 2442 cliuos
364 2406 583 2445 occidissent,
608 2414 668 2438 eos
693 2401 771 2437 telis
794 2401 950 2446 desuper
973 2399 1089 2433 missis
1113 2396 1373 2441 interficiebant
1396 2395 1466 2429 Lat
1573 2395 1613 2427 12
1638 2391 1760 2438 στέγη]
1785 2391 1871 2437 τέγη

227 2463 371 2498 LVR¹O
475 2457 726 2501 ἀνωθοῦντες]
752 2453 930 2495 α’νώθουν
953 2456 983 2490 L
1008 2458 1043 2489 et
1066 2454 1148 2489 fort.
1175 2453 1246 2487 Lat
1270 2448 1446 2488 οἷνώθουν
1470 2463 1509 2486 τε
1534 2448 1706 2484 Destinon
1807 2448 1874 2482 καί

228 2523 298 2560 τοι]
323 2519 406 2553 fort.
433 2517 593 2561 spurium
623 2518 686 2551 καὶ
718 2512 811 2550 τοὺσ
835 2513 867 2548 V
1012 2514 1050 2545 13
1075 2509 1447 2545 κατολισθαίνοντασ
1470 2505 1620 2540 PMLV2
1760 2497 1871 2545 ὀξέσι]

229 2571 327 2617 ὀξέσι
352 2574 389 2609 δὲ
407 2573 516 2606 LLat
628 2576 833 2607 στενοποῖσ
856 2567 938 2603 RV¹
1063 2568 1124 2601 καὶ
1150 2575 1218 2600 om.
1244 2563 1353 2597 LLat
1479 2564 1519 2596 14
1542 2555 1685 2605 ἱῖπερθε
1708 2559 1772 2593 LV

226 2628 455 2676 βάλλοντεσ,
481 2631 507 2674 β
532 2638 576 2661 ex
600 2641 620 2662 ν
645 2637 734 2661 corr.
760 2625 790 2659 L
895 2621 1062 2659 ἔκτειναν
1087 2621 1119 2654 Α
1220 2618 1347 2663 ἐρίπια
1371 2617 1454 2652 V1R
1477 2615 1621 2663 ἐρίπεια
1647 2615 1673 2649 C
1775 2614 1871 2651 πλέα

228 2680 286 2731 ἧν]
312 2687 462 2729 πλῆθοσ
479 2684 590 2717 LLat
613 2683 694 2716 fort.
720 2685 815 2715 recte
901 2682 938 2713 16
963 2672 1287 2713 δυσθανατώντων
1310 2673 1425 2707 ML¹C
1457 2665 1702 2708 δυσθανάτων
1725 2670 1791 2705 VR

232 2745 268 2776 17
303 2742 437 2779 πολλοὶ
462 2759 505 2765 -
532 2741 572 2773 18
606 2735 801 2783 ἔθνησκον]
832 2734 935 2769 multi
962 2732 1094 2774 (multis
1118 2730 1195 2766 cod.
1220 2730 1316 2769 Vat.)
1340 2729 1410 2762 iam
1428 2727 1746 2773 procumbentibus
1770 2727 1872 2760 tectis

228 2801 337 2832 semet
352 2796 434 2830 inde
445 2793 659 2840 proiciendo
685 2791 930 2826 moriebantur
945 2789 1015 2823 Lat
1108 2791 1146 2821 17
1173 2787 1210 2823 δὲ
1234 2785 1329 2820 VRC
1421 2779 1498 2820 ἀπὸ
1524 2779 1754 2823 πιπτόντων]
1780 2781 1869 2816 Her-

225 2853 368 2887 werden
400 2844 699 2886 άποπιπτόντων
722 2847 816 2881 PAL
842 2843 1132 2883 οἷποπίπτοντεσ
1157 2841 1289 2878 MVRC
1370 2840 1630 2884 δωμαΙματων
1656 2837 1681 2871 C
1767 2840 1805 2871 18
1831 2836 1870 2874 δὲ

224 2909 321 2944 VRC
390 2903 477 2943 οὔτε
498 2907 528 2941 L

1906 888 1942 920 10

1906 1224 1942 1257 15

1902 1563 1944 1595 20
