1987 3246
182 156 247 191 LX
916 155 1106 188 Praefatio.

296 269 508 311 Interdum
532 269 705 310 Latinus
728 269 831 309 talia
853 267 992 319 tradit,
1025 272 1070 309 ut
1101 273 1306 321 appareat
1330 282 1423 310 eum
1448 268 1623 310 duorum
1648 267 1841 309 codicum

181 338 312 379 uerba
333 336 612 388 coniunxisse,
636 336 726 377 siue
748 339 968 387 utrumque
990 336 1031 376 in
1054 339 1252 377 contextu
1274 336 1459 388 extabat,
1483 336 1573 377 siue
1594 335 1772 376 alterum
1797 335 1840 375 in

184 403 387 455 margine,
420 403 535 444 uelut
565 416 605 455 p.
633 403 722 454 187,
749 405 799 442 14
822 401 950 442 habet
972 400 1112 440 Pilato
1134 407 1266 440 autem
1295 400 1615 456 supplicantibus
1646 400 1845 440 abnuente

183 471 295 508 eil-ea
317 468 479 508 domum
501 470 587 508 eius
601 469 734 522 proni
752 474 1011 513 corruerunt,
1043 468 1115 509 ubi
1138 481 1230 509 cum
1263 469 1363 521 περὶ
1396 466 1472 524 τὴν
1504 467 1646 509 οἰκίαν
1676 469 1844 510 tradant

182 536 331 577 PALR
361 537 461 589 περὶ
495 535 572 592 τῂν
607 535 772 576 ἱκεσίαν
803 535 939 587 MVC,
980 535 1021 576 in
1053 535 1213 576 Latinis
1246 540 1466 588 utrumque
1498 540 1625 577 extat.
1675 549 1715 588 p.
1749 537 1842 586 192,

190 607 234 643 14
256 604 448 645 similiter
479 617 556 645 nec
586 604 678 643 πᾶν
708 616 785 644 nec
816 596 966 652 πάντ’,
999 602 1074 644 sed
1104 602 1196 642 πᾶν
1228 597 1360 643 πάντ3
1396 604 1550 656 legisse
1581 603 1769 656 uidetur3
1803 609 1844 644 et

182 671 359 712 fortasse
389 684 429 723 p.
454 674 546 723 375,
572 674 596 711 4
628 675 669 713 et
700 665 797 710 οὔτε
829 667 1012 710 δυνατὸν
1044 674 1085 711 et
1115 665 1221 710 ὄντα
1253 666 1436 711 δυνατὸν
1467 669 1613 712 habuit
1633 674 1672 719 ¹).

295 737 371 779 His
394 738 584 780 omnibus
608 738 918 780 demonstratur
940 737 1142 790 codicem,
1176 750 1257 790 quo
1279 737 1452 779 Latinus
1474 750 1573 779 usus
1595 742 1670 790 est,
1700 738 1843 779 multis

183 804 306 847 rebus
337 805 465 847 fuisse
497 806 833 857 memorabilem,
868 805 939 858 qui
971 805 1148 846 similior
1179 805 1257 846 fuit
1288 804 1359 846 PA
1393 817 1517 857 quam
1547 805 1735 857 reliquis,
1767 804 1843 845 sed

183 884 276 912 cum
319 870 383 913 his
424 885 591 925 quoque
631 886 714 913 non
752 885 847 914 raro
886 872 1097 914 consensit
1133 876 1173 912 et
1204 872 1245 912 in
1277 872 1421 924 probis
1453 876 1494 913 et
1524 872 1564 912 in
1605 871 1841 912 reiciendis.

181 938 312 979 multa
346 952 446 981 uero
492 939 640 981 habuit
678 940 871 992 egregia,
913 944 957 980 ut
994 952 1070 993 par
1109 944 1172 980 est
1210 938 1398 981 codicem
1439 943 1578 980 tantae
1610 938 1843 980 uetustatis.

186 1018 315 1058 quare
336 1006 524 1059 plui-iens
549 1006 717 1059 accidit,
749 1011 793 1048 ut
824 1007 937 1048 solus
968 1018 1070 1047 uera
1100 1006 1330 1048 retinuerit.
1386 1019 1483 1047 nam
1515 1018 1568 1046 ex
1600 1018 1650 1046 eo
1680 1005 1844 1046 restitu-

180 1077 270 1113 tum
292 1078 355 1114 est
384 1087 423 1127 p.
448 1076 514 1126 94,
541 1076 589 1114 15
613 1068 795 1128 ὕφαλον,
829 1086 868 1126 p.
893 1074 987 1126 340,
1011 1076 1033 1113 5
1066 1071 1218 1127 φόνου,
1251 1072 1365 1126 quod
1397 1073 1438 1113 in
1469 1073 1634 1125 graecis
1665 1071 1845 1113 traditur

182 1137 335 1190 πόνου,
373 1143 467 1193 429,
503 1142 551 1180 12
583 1141 711 1181 πλεῖν
742 1145 982 1194 corruptum
1013 1141 1055 1181 in
1087 1141 1188 1190 πᾶν,
1221 1154 1260 1194 p.
1293 1142 1387 1192 465,
1422 1142 1467 1178 11
1504 1152 1554 1181 eo
1586 1139 1692 1181 duce
1725 1139 1844 1181 omit-

182 1207 355 1248 tendum
377 1208 544 1249 uidetur
565 1205 647 1263 μὴ,·
679 1213 719 1249 et
740 1221 780 1261 p.
806 1209 899 1258 564,
927 1209 975 1248 18
998 1208 1228 1261 repositum
1261 1211 1323 1248 est
1352 1202 1432 1259 ’ἤδη
1467 1205 1513 1246 δὲ
1545 1207 1700 1248 omisso
1731 1206 1844 1259 quod

181 1287 326 1316 omnes
347 1276 488 1327 graeci
510 1275 670 1316 addunt
693 1274 734 1315 οἱ
768 1268 807 1314 δ’
828 1275 873 1322 2).
924 1279 1145 1328 praeterea
1166 1275 1337 1315 nomina
1359 1273 1568 1326 quaedam
1591 1274 1782 1315 Romana
1804 1274 1843 1315 ei

181 1340 407 1394 debentur,
459 1342 573 1383 uelut
616 1356 657 1396 p.
690 1344 784 1393 582,
817 1344 838 1381 7
880 1340 1032 1380 Petilio
1071 1341 1209 1395 dedit,
1252 1354 1334 1382 non
1374 1339 1612 1394 Bevvcdi‹p‚·
1664 1341 1759 1391 583,
1795 1344 1839 1381 11

181 1406 395 1461 Rubrium,
428 1422 509 1450 non
534 1408 764 1462 γοῦβριοις
795 1410 889 1460 592,
913 1412 935 1448 5
967 1407 1156 1447 Lucilius
1186 1421 1269 1449 non
1298 1406 1496 1455 Λούκιος
1528 1412 1569 1449 et
1598 1421 1638 1461 p.
1672 1409 1768 1460 598,
1794 1411 1845 1449 19

181 1474 236 1513 ml
264 1474 511 1522 Laberium,
552 1490 645 1518 cum
677 1477 718 1517 in
751 1477 916 1528 graecis
948 1475 1139 1529 plurimis
1183 1475 1236 1516 sit
1267 1473 1467 1527 λιβερίω,
1510 1476 1552 1516 in
1583 1475 1616 1515 L
1649 1474 1843 1526 λεβερίω.

294 1542 511 1585 Postremo
529 1543 772 1585 addendum
792 1547 855 1584 est
875 1542 1079 1584 mensium
1102 1542 1282 1595 nomina,
1307 1543 1458 1595 quibus
1480 1542 1607 1583 utitur
1626 1540 1845 1596 Iosephus,

182 1609 377 1651 Latinum
402 1611 461 1652 ita
482 1611 763 1664 interpretari,
796 1614 840 1651 ut
861 1611 922 1651 eis
944 1609 1151 1651 uocabula
1174 1609 1364 1650 Romana
1385 1609 1611 1651 substituat
1633 1622 1682 1650 eo
1704 1609 1846 1663 modo,

182 1681 226 1717 ut
247 1676 483 1719 Xanthicus
505 1678 558 1719 sit
579 1678 752 1731 Aprilis,
778 1677 1030 1720 Artemisius
1053 1677 1188 1718 Maius
1211 1681 1252 1718 et
1274 1676 1474 1729 deinceps
1498 1675 1646 1717 eadem
1668 1676 1843 1718 ratione.

183 1744 390 1785 consentit
407 1745 533 1797 igitur
550 1745 724 1787 Latinus
742 1758 834 1787 cum
853 1745 914 1787 eis
930 1757 1037 1797 quae
1056 1745 1188 1786 rarius
1211 1744 1253 1784 in
1271 1744 1343 1785 ΡΑ
1366 1744 1533 1797 saepius
1551 1744 1592 1784 in
1609 1743 1726 1785 MLV
1741 1743 1844 1784 alio-

182 1824 358 1864 rumque
380 1812 568 1864 margine
592 1815 736 1853 extant
752 1814 794 1861 3).
842 1813 902 1854 eis
924 1812 1050 1864 igitur
1075 1811 1287 1853 mensibus
1304 1810 1531 1864 Iosephum
1553 1810 1613 1852 uti
1635 1814 1845 1865 putarunt,

182 1878 254 1930 qui
275 1881 425 1930 postea
448 1883 488 1920 et
519 1879 559 1919 in
594 1878 894 1932 hemerologiis
926 1883 967 1920 et
997 1878 1109 1931 apud
1143 1879 1367 1931 scriptores
1399 1891 1564 1920 menses
1587 1878 1846 1920 Graecorum

182 1945 450 1998 dicebantur,
483 1945 635 1998 quibus
667 1950 753 1987 tum
785 1946 1008 1987 utebantur
1039 1945 1136 1998 Syri
1153 1947 1195 1992 4).
1246 1949 1386 1998 potest
1416 1944 1525 1987 hanc
1554 1946 1760 1987 rationem
1791 1959 1845 1988 ex

185 2012 345 2054 codicis
386 2013 575 2065 margine
607 2012 810 2055 didicisse
840 2013 1035 2065 Latinus,
1076 2015 1215 2064 potest
1255 2011 1542 2065 hemerologio
1573 2013 1715 2065 aliquo
1745 2026 1844 2055 usus

183 2092 288 2121 esse.
341 2083 523 2122 ceterum
558 2079 813 2122 monendum
846 2083 908 2122 est
938 2092 983 2120 re
1012 2091 1114 2119 uera
1143 2078 1369 2132 Iosephum
1401 2093 1483 2121 non
1515 2080 1599 2120 illis
1629 2080 1845 2122 mensibus

182 2160 304 2188 usum
346 2159 459 2198 esse,
500 2147 575 2189 sed
605 2147 856 2189 Iudaeorum
899 2158 1058 2188 morem
1100 2150 1288 2187 secutum
1319 2159 1433 2199 esse,
1473 2159 1723 2199 mensesque
1754 2148 1844 2189 eius

184 2213 357 2255 eosdem
390 2227 482 2256 esse
513 2228 564 2256 ac
594 2215 817 2267 Tyriorum
851 2214 921 2267 qui
952 2214 995 2254 in
1026 2212 1325 2265 hemerologiis
1356 2214 1601 2262 ferunturss).

297 2280 521 2334 Interpreti
566 2281 717 2322 Latino
760 2281 952 2334 aequalis
997 2279 1076 2321 fuit
1120 2278 1443 2333 Pleyese‘JJyrzzsfi),
1493 2293 1617 2333 quem
1661 2282 1844 2334 primum

183 2352 346 2389 constat
366 2361 448 2389 non
471 2348 515 2389 id
546 2349 697 2402 egisse,
729 2353 774 2389 ut
804 2361 959 2400 graeca
990 2347 1131 2389 omnia
1161 2352 1357 2389 accurate
1388 2348 1518 2389 latine
1550 2348 1843 2402 interpretare-

183 2419 261 2466 tur,
294 2415 369 2456 sed
392 2415 434 2455 id
457 2416 611 2468 potius,
643 2420 687 2456 ut
709 2428 762 2457 ex
783 2413 955 2467 Iosephi
977 2415 1118 2456 uerbis
1150 2428 1268 2457 suam
1299 2416 1579 2456 narrationem
1613 2415 1842 2468 effingeret.

184 2493 314 2533 quare
336 2486 380 2523 ut
402 2483 534 2523 multa
564 2483 666 2524 satis
697 2486 893 2524 accurate
925 2483 1147 2535 expressit,
1180 2483 1239 2523 ita
1270 2483 1400 2523 multa
1432 2481 1680 2533 immutauit,
1711 2482 1847 2524 multa

184 2549 338 2601 omisit,
371 2549 581 2601 quaedam
609 2548 788 2601 addidit,
819 2549 1006 2590 maxime
1047 2562 1147 2591 uero
1180 2550 1221 2590 in
1253 2548 1511 2591 orationibus
1542 2548 1623 2590 sibi
1654 2547 1842 2601 indulsit,

183 2616 225 2655 in
258 2616 408 2667 quibus
440 2629 568 2670 saepe
601 2616 660 2658 ita
690 2621 880 2659 uersatus
911 2621 987 2669 est,
1018 2611 1064 2658 ut
1088 2615 1260 2669 Iosephi
1292 2615 1518 2658 sententias
1549 2618 1591 2656 et
1621 2614 1842 2656 consilium

298 2728 326 2765 1)
351 2725 462 2759 simile
492 2725 663 2759 accidisse
692 2725 834 2760 uidetur
866 2737 899 2769 p.
929 2728 1002 2766 188,
1029 2728 1065 2768 ὃς
1100 2728 1180 2766 523,
1207 2728 1259 2759 20.
1400 2726 1433 2764 2)
1460 2723 1504 2757 cf.
1532 2725 1607 2763 511,
1638 2725 1754 2766 13sq.,
1779 2724 1843 2758 ubi

183 2780 280 2813 solus
299 2790 320 2813 a
337 2780 548 2823 quibusdam
565 2781 870 2825 interpolamentis
888 2782 977 2815 liber
1001 2791 1077 2815 esse
1095 2781 1247 2815 uidetur.
1319 2782 1351 2820 3)
1377 2779 1457 2813 uide
1481 2789 1516 2822 p.
1535 2778 1621 2812 VIII
1639 2782 1713 2813 not.
1743 2781 1773 2813 2.

182 2837 215 2874 4)
240 2835 321 2868 uide
340 2834 471 2877 Ideler,
496 2836 700 2870 Hcmdbuclz
719 2836 782 2870 cler
799 2835 905 2870 math.
925 2836 1000 2870 und
1017 2835 1130 2870 teclm.
1157 2834 1394 2880 Chronoloqe'e
1417 2835 1434 2868 I
1450 2846 1486 2878 p.
1505 2836 1569 2868 429
1578 2844 1629 2878 sq.
1704 2837 1736 2876 5)
1760 2835 1845 2870 uide

186 2890 338 2925 Hermes
364 2893 404 2925 28
429 2902 465 2934 p.
495 2894 555 2925 197
568 2903 619 2935 sq.
714 2894 746 2933 6)
771 2892 851 2925 uide
876 2902 911 2934 p.
936 2891 1034 2925 XIX.
