2018 3236
175 415 226 453 54

173 616 224 653 55

174 749 225 787 56

171 949 218 987 57

172 1015 223 1054 58

173 1353 224 1391 60

174 1622 220 1660 61

261 156 339 192 354
701 153 765 186 DE
791 152 949 187 BELLO
974 151 1070 187 lUD.
1096 152 1146 186 IV
1173 154 1299 185 53—61
1328 155 1350 193 (1
1379 158 1407 183 7.
1434 153 1465 194 8)

259 270 335 309 τοῦ
357 268 584 322 ληφθῆναι
604 264 867 318 παρέμενον,
901 261 974 319 [ἓν]
999 261 1142 319 ἐνδείᾳ
1163 263 1495 319 διεφθείροντο·
1525 264 1806 316 πανταχόθεν
1827 265 1907 320 γὰρ

258 333 399 389 τροφὴ
430 341 523 381 τοῖς
552 330 777 385 μάχεσθαι
809 329 1063 382 δυναμένοις
1094 329 1419 386 συνηθροίζετο.

370 413 408 453 8.
440 410 529 451 Καὶ
551 410 593 451 οἱ
614 409 692 463 μὲν
715 407 758 450 ἓν
777 407 995 457 τοιούτοις
1015 406 1191 450 πάθεσι
1222 407 1535 464 διεκαρτέρουν,
1572 403 1908 458 Οὐεσπασιανὸς

259 477 304 519 δὲ
343 476 562 530 πάρεργον
601 475 796 518 εποιεῖτο
835 491 910 531 της
946 476 1205 530 πολιορκίας
1234 475 1336 525 τοῖς
1364 475 1414 517 τὸ
1441 471 1678 529 Ιταβύριον
1708 476 1907 532 κατειλη-

257 543 397 621 φότας
436 540 558 598 όρος,
599 543 624 585 0'
655 558 747 585 εστι
777 544 855 584 τοῦ
885 541 1075 597 μεγάλου
1106 542 1263 584 πεδίου
1294 544 1366 585 καὶ
1397 541 1721 592 Σκυθοπόλεως
1750 545 1907 596 μέσον·

257 614 305 652 οὐ
336 609 384 653 τὸ
417 611 496 665 μὲν
526 606 641 665 ὕψος
672 609 747 652 επὶ
778 608 1011 663 τριάκοντα
1043 609 1248 659 σταδίους
1279 605 1465 662 ἆνίσχει,
1496 609 1623 663 μόλις
1653 609 1908 664 προσβατον

255 694 363 719 κατα
404 677 452 720 τὸ
494 677 791 753 προσάρκτιον
828 677 981 730 κλίμα,
1024 676 1179 718 πεδίον
1221 672 1260 718 δ’
1306 676 1424 720 ἐστὶν
1460 673 1484 732 ἡ
1516 693 1682 733 κορυφι]
1716 676 1907 720 σταδίων

257 744 305 794 ἓξ
322 746 394 786 καὶ
417 745 567 797 εἴκοσι,
600 747 691 787 πᾶν
711 746 1044 796 τετειχισμένον.
1084 740 1228 799 ἦγειρε
1251 744 1295 786 δὲ
1316 746 1526 786 τοσοῦτον
1547 741 1652 786 όντα
1673 742 1750 786 τὸν
1780 749 1907 797 περί-

253 812 385 865 βολον
424 829 445 854 ο
475 807 688 870 [ω’σηπος
727 828 770 854 εν
806 806 1131 865 τεσσαράκοντα
1168 809 1352 867 ημέραις
1389 813 1442 867 τῇ
1483 827 1530 853 τε
1562 808 1669 866 ἄλλῃ
1698 810 1905 867 χορηγού-

254 894 384 931 μενος
428 874 506 935 ι’λῃ
551 879 753 921 κάτωθεν
797 879 865 920 καὶ
908 877 1053 920 υδατι·
1098 880 1171 921 καὶ
1209 877 1289 933 γὰρ
1327 887 1421 927 τοῖς
1461 877 1659 928 εποίκοις
1693 878 1826 932 μόνον
1856 876 1907 933 ἦν

256 942 451 1000 όμβριον.
511 947 679 989 πολλοῦ
720 937 794 988 ουν
833 945 1036 1003 πληθοις
1075 944 1150 988 ἐπὶ
1181 962 1308 988 τουτο
1341 946 1664 1000 συνειλεγμένου
1702 940 1907 988 Οὐεσπα-

256 1011 408 1062 σιανὸς
438 1013 661 1056 Πλάκιδον
703 1013 779 1056 σὺν
821 1014 1032 1056 ἱππεισιν
1071 1012 1315 1063 ἑξακοσίοις
1344 1015 1528 1066 πέμπει.
1579 1011 1718 1054 τούτω
1747 1011 1796 1054 τὸ
1829 1013 1907 1066 μὲν

254 1083 543 1134 προσβαίνειν
566 1076 785 1138 άμήχαν-ον
810 1099 873 1137 ην,
907 1080 1056 1123 ἐλπίδι
1088 1081 1134 1123 δὲ
1166 1080 1316 1130 δεξιῶν
1345 1097 1417 1122 και
1449 1079 1764 1136 παρακλήσεως
1795 1079 1906 1134 πρὸς

256 1164 426 1204 ειριγνην
447 1165 548 1198 τους
570 1146 761 1198 πολλοις
782 1150 1082 1202 προεκαλεῖτο.
1132 1162 1347 1204 κατηεσαι
1370 1147 1415 1189 δὲ
1446 1142 1904 1201 ἀντεπιβουλεύοντες·

254 1209 279 1256 δ’
317 1231 364 1257 τε
403 1215 485 1270 γὰρ
525 1216 749 1265 Πλάκιδος
790 1213 941 1268 ὡμίλει
982 1215 1229 1271 πρᾳότερον
1268 1213 1527 1265 σπουδάζων
1566 1209 1724 1264 αὐτοὺς
1762 1213 1805 1256 έν
1844 1216 1907 1269 τῷ

254 1282 396 1338 πεδίῳ
429 1283 598 1335 λαβεῖν,
638 1278 827 1325 κάκεῖνοι
858 1282 1073 1338 κατῄεσαν
1105 1279 1163 1332 ὡς
1193 1280 1460 1334 πειθόμενοι
1491 1281 1646 1339 δῆθεν,
1686 1281 1759 1323 ἵνα
1791 1277 1904 1337 διφυ-

257 1349 399 1404 λάκτῳ
424 1352 755 1402 προσπέσωσιν.
807 1348 924 1392 ἐνίκα
954 1353 1102 1403 μέντοι
1133 1348 1181 1391 τὸ
1215 1349 1441 1390 Πλακίδου
1472 1351 1740 1403 πανοῦργον·
1772 1343 1903 1402 ἄρξα-

252 1419 393 1470 μένων
430 1415 512 1471 γάρ
551 1419 636 1458 τῶν
663 1412 884 1459 Ἰουδαίων
921 1416 1059 1473 μάχης
1098 1415 1237 1474 φυγὴν
1272 1412 1525 1470 ὑπεκρίνετο
1564 1417 1634 1458 καὶ
1668 1415 1904 1465 διώκοντας

253 1483 433 1533 ἑλκύσας
461 1483 533 1525 ἐπὶ
566 1482 680 1526 πολὺ
710 1485 787 1526 τοῦ
819 1484 976 1526 πεδίου
1006 1483 1107 1533 τοὺς
1139 1484 1294 1533 ἱππεῖς
1325 1482 1596 1538 ἐπιστρέφει,
1627 1482 1903 1536 τρεψάμενος

254 1551 300 1592 δὲ
340 1552 575 1601 πλείστους
612 1551 690 1604 μὲν
721 1546 863 1593 αὐτῶν
897 1550 1087 1604 ἀναιρεῖ,
1128 1549 1175 1592 τὸ
1210 1550 1256 1592 δὲ
1288 1548 1446 1592 λοιπὸν
1476 1549 1653 1606 πλῆθος
1683 1547 1902 1603 ὑποτεμό-

255 1634 384 1671 μενος
424 1617 555 1672 εἴργει
594 1620 669 1674 τῆς
708 1613 881 1660 άνόδου.
940 1619 1009 1660 καὶ
1053 1618 1094 1659 οἱ
1133 1617 1211 1671 μὲν
1241 1615 1289 1659 τὸ
1318 1612 1556 1671 Ἰταβύριον
1586 1617 1903 1667 καταλιπόντες

253 1684 326 1726 ἐπὶ
356 1682 664 1739 Ἱεροσολύμων
695 1685 898 1741 ἔφευγον,
936 1685 977 1727 οἱ
1010 1685 1055 1726 δὲ
1087 1683 1316 1739 ἐπιχώριοι
1347 1689 1523 1735 πίστεις
1553 1684 1771 1738 λαβόντες,
1805 1684 1903 1727 ἐπι-

367 1920 598 1955 PAMLVRC
607 1919 906 1963 LatHegesippus
924 1920 973 1955 IV
991 1923 1010 1954 4
1034 1931 1067 1964 p.
1094 1922 1170 1954 230.

366 1993 379 2022 1
409 1990 488 2029 τοῦ]
515 1984 558 2023 τὸ
577 1987 657 2021 PA²
748 1988 944 2032 λειφθῆναι
970 1987 997 2020 Ρ
1089 1985 1130 2022 ἐν
1154 1986 1299 2021 seclusit
1322 1985 1474 2020 Dindorf
1496 1996 1575 2019 cum
1600 1985 1677 2020 cod.
1702 1985 1744 2020 L.
1770 1985 1810 2021 B.

250 2043 478 2090 ἐφθείροντο
516 2042 714 2077 PAMVRC
897 2045 916 2077 2
951 2039 1137 2088 μάχεσθαι
1176 2041 1404 2085 δυναμένοις]
1441 2041 1528 2076 solis
1563 2061 1605 2066 —
1642 2041 1704 2086 qui
1732 2052 1903 2087 puqnare

248 2105 419 2145 poterant
452 2099 521 2133 Lat
658 2102 677 2133 3
710 2095 1009 2140 ὁυεσπασιανὸσ,
1047 2095 1066 2134 ὃ
1106 2099 1221 2142 suppl.
1257 2108 1303 2132 m.
1342 2100 1360 2131 2
1394 2097 1420 2132 C
1557 2100 1577 2130 4
1613 2091 1809 2143 Ξταβύριον
1839 2097 1902 2131 PA

251 2152 447 2202 ιταβίριον
472 2155 550 2196 (sic)
570 2154 600 2188 L
626 2154 783 2189 taberius
806 2158 868 2188 aut
893 2154 1056 2199 tabgsrias
1080 2155 1154 2198 Heg
1247 2158 1265 2189 5
1292 2150 1389 2200 ὄροσ
1413 2150 1691 2198 κατειληφότασ
1714 2156 1758 2186 tr.
1781 2152 1811 2186 L

251 2214 270 2246 6
303 2212 466 2247 σταδίων
490 2210 516 2244 C
655 2207 763 2254 μόλις
794 2206 1032 2256 προσβατὸν]
1066 2211 1247 2245 inaccessa
1270 2210 1342 2244 Lat
1479 2213 1496 2242 7
1529 2209 1566 2245 δὲ
1590 2209 1684 2244 VRC
1821 2211 1840 2243 8
1864 2209 1904 2254 ἓξ

249 2269 311 2303 καὶ
337 2265 468 2308 εἴκοσι]
494 2266 572 2301 XX
589 2271 623 2301 ec
646 2264 715 2300 III
735 2266 812 2309 Heg
925 2262 994 2301 τὸν
1018 2277 1085 2301 om.
1113 2267 1138 2301 C
1255 2269 1274 2300 9
1299 2263 1606 2311 τεσσαράκοντα,
1631 2277 1678 2300 τα
1702 2276 1730 2300 s.
1756 2267 1789 2300 A

253 2327 287 2357 11
319 2322 433 2370 ὅμβρι
447 2343 454 2348 -
468 2336 523 2365 ον,
550 2333 639 2357 ετεῑε.
666 2335 685 2357 ν
702 2324 734 2356 Α
825 2324 965 2367 πολλῆς
983 2316 1048 2358 οἷ’-ν
1072 2319 1241 2368 πληθύος
1255 2342 1295 2346 ——
1311 2321 1589 2367 συνειλεγμένης
1605 2324 1750 2366 propter
1767 2322 1901 2357 hiatum

248 2379 355 2414 Niese
469 2381 594 2419 τοῦτο]
620 2375 756 2414 τούτου
780 2377 934 2412 AML¹V
959 2376 1080 2414 τούτω
1107 2377 1216 2412 L²RO
1249 2380 1316 2413 τοῦ
1348 2375 1471 2413 τόπου
1494 2377 1601 2412 Niese
1715 2381 1901 2424 συνειλημ-

248 2435 363 2480 μένου
379 2437 411 2470 Α
483 2438 522 2469 12
541 2435 736 2470 πλακίδιον
754 2434 781 2467 Ρ
851 2433 895 2469 τὸ
916 2445 983 2469 om.
1001 2434 1063 2468 PA
1136 2438 1175 2468 13
1194 2434 1231 2470 δε
1249 2436 1387 2476 δεξιῶν]
1406 2433 1444 2469 δὲ
1461 2435 1547 2475 ξιων
1562 2432 1609 2466 L¹
1626 2432 1664 2468 δὲ
1682 2429 1790 2475 ἐξιὼν
1807 2434 1832 2467 C

252 2489 533 2537 παρακλήσεως]
560 2487 790 2537 παρακλήσει
811 2489 859 2523 L¹
882 2488 966 2524 fort.
991 2492 1088 2525 recte
1190 2489 1288 2535 πρὸς
1311 2500 1378 2524 om.
1406 2489 1431 2523 C
1526 2491 1566 2522 14
1591 2486 1765 2530 πολλοὺς]
1790 2492 1899 2525 πολε-

250 2548 359 2591 μίους
383 2547 556 2582 Destinon
650 2549 913 2594 προεκαλεῖτο]
939 2545 1112 2581 Desffinon
1137 2547 1409 2592 προσεκαλεῖτο
1435 2544 1634 2579 PAMVRC
1659 2547 1897 2580 συνεκαλεῖτο

249 2602 280 2636 L
307 2603 521 2637 hortabatur
545 2603 614 2636 Lat
682 2599 882 2648 κατῄεσαν]
906 2603 1088 2637 κατιέσαν
1112 2601 1175 2635 PA
1256 2604 1294 2635 15
1319 2601 1515 2635 πλακίδιοσ
1539 2599 1566 2632 P
1655 2602 1694 2634 16
1718 2601 1900 2636 κατίεσαν

250 2658 313 2692 PA
401 2655 454 2694 ἵν’
479 2658 509 2692 L
579 2654 807 2703 άφυλάκτωσ
831 2657 863 2692 V
942 2660 978 2691 17
1006 2655 1238 2702 ἀρξαμένων,
1262 2669 1315 2692 ων
1338 2665 1381 2690 ex
1407 2668 1451 2690 ov
1475 2665 1563 2689 corr.
1588 2655 1620 2690 V
1714 2658 1752 2690 18
1777 2653 1900 2702 μάχην

249 2714 329 2748 PA¹
420 2711 551 2760 φυγὴν]
577 2713 620 2750 ἐσ
645 2710 764 2760 φυγὴν
787 2713 851 2747 ΡΑ
876 2719 1006 2759 φυγεῖν
1030 2714 1056 2748 O
1148 2709 1392 2758 ὑποκρίνεται
1415 2710 1583 2745 MLVRC
1692 2713 1732 2746 19
1757 2709 1898 2757 τρεψά·

250 2760 379 2813 μενοσ,
404 2783 426 2805 σ
450 2779 492 2804 ex
518 2785 528 2804 ι
555 2780 645 2805 corr.
670 2769 698 2803 P
792 2771 832 2803 20
859 2769 908 2811 δὲ]
933 2783 973 2805 τε
999 2768 1171 2805 Destinon
1263 2768 1461 2808 πλείστους
1484 2765 1564 2810 μὲν]
1591 2767 1789 2809 πλείστους
1812 2764 1900 2810 τοὺς

249 2825 317 2869 μὲν
338 2825 463 2860 habuit
485 2825 567 2860 fort.
585 2825 666 2867 Lat,
690 2825 726 2859 in
751 2835 819 2868 quo
844 2829 898 2860 est
920 2825 1156 2870 plurimisque
1179 2824 1217 2858 in
1243 2828 1346 2868 terqa
1370 2823 1484 2858 uersis
1507 2822 1650 2867 aliquos
1672 2822 1855 2867 interfecit

248 2877 561 2925 ὑποτεμνόμενοσ
577 2880 604 2914 Ρ
719 2882 756 2914 21
786 2878 983 2927 ὶταβίριον
1006 2882 1038 2915 Α
1154 2883 1195 2914 22
1220 2875 1257 2915 δ’
1281 2879 1344 2913 AL

1937 885 1973 918 10

1937 1222 1972 1255 15

1932 1546 1968 1590 20
