2018 3236
103 379 183 418 326

99 512 179 552 327

98 712 177 752 328

97 779 178 818 329

100 980 180 1021 330

99 1115 176 1155 331

100 1316 179 1356 332

98 1516 178 1557 333

99 1652 179 1692 334

99 1716 178 1756 335

215 130 294 167 390
623 127 688 160 DE
714 124 871 160 BELLO
895 125 991 160 IUD.
1017 124 1067 159 IV
1092 126 1268 159 325-335
1294 125 1329 167 (v
1355 128 1454 167 2-4)

212 245 288 300 τῆς
327 245 489 290 κακίας.
550 235 660 281 ἀλλὰ
697 235 809 294 [γὰρ]
842 235 890 278 τὸ
923 237 1002 290 μὲν
1026 232 1209 280 Ἀνάνου
1240 239 1313 280 καὶ
1340 233 1479 294 Ἰησοῦ
1509 238 1632 286 τέλος
1661 239 1864 280 τοιοῦτον

213 305 369 364 ἀπέβη.

327 379 363 417 3.
410 371 542 414 ίΙῙετὰ
589 367 629 412 δ)
676 370 862 421 ἐκείνους
904 376 948 413 οἵ
981 387 1028 412 τε
1065 371 1252 427 ζηλωταὶ
1292 373 1364 414 καὶ
1401 374 1488 414 τῶν
1520 367 1776 425 Ἰδουμαίων
1814 371 1862 413 τὸ

213 443 387 496 πλῆθος
423 439 498 482 τὸν
539 437 644 481 λαὸν
683 433 833 493 ὥσπερ
872 434 1060 481 ἀνοσίων
1093 438 1212 494 ζῴων
1245 435 1399 496 ἆγέλην
1431 438 1631 488 ἐπιόντες
1662 437 1866 495 ἔσφαζον.

210 510 282 551 καὶ
321 506 369 549 τὸ
410 506 488 560 μὲν
528 505 690 548 εἰκαῖον
723 504 799 561 ἐφ’
834 501 883 548 οὗ
913 507 1220 563 καταληφθείη
1251 506 1391 550 τόπου
1424 507 1726 562 διεφθείρετο,
1767 503 1868 555 τοὺς
1896 516 1915 547 5

212 575 256 617 δὲ
291 571 476 630 εὖγενεῖς
506 575 579 616 καὶ
611 576 733 623 νέους
765 572 1144 627 συλλαμβάνοντες
1177 573 1239 624 εἷς
1270 573 1439 630 εἱρκτὴν
1470 574 1715 616 κατέκλειον
1747 572 1867 614 δεδε-

209 645 376 696 μένους,
408 636 504 684 κατ’
531 640 691 683 ἐλπίδα
711 643 788 682 τοῦ
820 640 1173 697 προσθήσεσθαί
1201 657 1325 691 τινας
1356 636 1504 690 αὐτοῖς
1532 640 1609 698 τὴν
1642 636 1867 694 ἀναίρεσιν

209 707 564 762 ὑπερτιθέμενοι.
605 711 823 764 προσέσχε
845 704 883 749 δ)
911 703 1069 760 οὐδείς,
1098 703 1208 750 ἀλλὰ
1231 708 1394 758 πάντες
1413 710 1490 750 τοῦ
1510 707 1736 758 τάξασθαι
1756 705 1867 761 μετὰ

210 778 296 818 τῶν
336 778 540 832 πονηρῶν
572 775 682 817 κατὰ
713 777 790 830 τῆς
821 775 1036 829 πατρίδος
1067 776 1327 830 προείλοντο
1358 773 1434 817 τὸν
1463 774 1672 817 θάνατον.
1723 773 1870 824 δεινὰς

212 843 258 886 δὲ
293 845 368 900 τῆς
406 839 628 901 ἀρνήσεως
660 842 805 892 αἰκίας
836 840 1050 897 ὑπέμενον
1080 842 1422 898 μαστιγούμενοί
1452 859 1498 885 τε
1528 844 1599 885 καὶ
1632 842 1867 896 στρεβλού-
1898 852 1935 885 10

209 927 354 963 μενοι,
394 909 505 964 μετὰ
547 910 593 952 δὲ
631 909 679 952 τὸ
721 905 870 966 μηκέτ’
915 906 1060 964 ἀρκεῖν
1099 909 1147 952 τὸ
1191 912 1318 964 σῶμα
1356 919 1454 961 ταῖς
1490 910 1702 965 βασάνοις
1740 909 1868 963 μόλις

210 974 412 1033 ἠξιοῦντο
451 979 528 1019 τοῦ
564 977 732 1034 ξίφους.
783 978 824 1020 οἱ
858 978 1185 1034 συλληφθέντες
1216 978 1261 1020 δὲ
1291 974 1399 1031 μεθ)
1434 975 1598 1033 ἡμέραν
1630 973 1866 1033 ἀνῃροῦντο

211 1044 394 1100 νύκτωρ,
441 1046 512 1086 καὶ
552 1044 654 1094 τοὺς
693 1043 866 1098 νεκροὺς
907 1043 1191 1101 ἐκφοροῦντες
1230 1044 1458 1101 ἔρριπτον,
1500 1042 1559 1095 ῶς
1597 1043 1761 1099 ἑτέροις
1800 1043 1866 1100 εἴη

211 1111 458 1166 δεσμώταις
477 1112 629 1162 τόπος.
681 1102 732 1168 ἦν
754 1111 801 1153 δὲ
821 1112 1010 1168 τοσαύτη
1036 1114 1112 1154 τοῦ
1134 1112 1271 1168 δήμου
1300 1112 1584 1169 κατάπληξις,
1616 1109 1674 1162 ὠς
1703 1111 1869 1168 μηδένα

211 1181 427 1235 τολμῆσαι
478 1179 586 1234 μήτε
638 1180 802 1221 κλαίειν
855 1181 1055 1235 φανερῶς
1107 1178 1183 1221 τὸν
1236 1179 1514 1235 προσήκοντα
1567 1178 1715 1233 νεκρὸν
1760 1178 1869 1236 μήτε
1897 1186 1934 1219 15

210 1247 419 1299 θάπτειν,
453 1242 563 1289 ἀλλὰ
586 1247 784 1299 λαθραῖα
805 1246 883 1300 μὲν
909 1237 959 1301 ἦν
991 1242 1133 1288 αἰτῶν
1164 1248 1586 1300 κατακεκλεισμένων
1616 1245 1670 1288 τὰ
1702 1245 1866 1300 δάκρυα

210 1315 279 1356 καὶ
302 1313 412 1368 μετὰ
442 1316 760 1368 περισκέψεως,
791 1313 847 1366 μή
880 1331 947 1364 τις
979 1314 1199 1371 ἐπακούσῃ
1230 1317 1316 1357 τῶν
1347 1314 1528 1367 ἐχθρῶν,
1562 1313 1756 1356 ἔστενον·
1788 1313 1866 1355 ἰ’σα

210 1380 290 1436 γὰρ
311 1390 404 1431 τοῖς
424 1385 748 1435 πενθουμένοις
779 1378 800 1424 ὁ
833 1381 1065 1437 πενθήσας
1096 1381 1229 1432 εὐθὺς
1260 1381 1443 1434 ἔπασχε·
1476 1381 1639 1435 νύκτωρ
1671 1381 1717 1423 δὲ
1748 1380 1865 1423 κόνιν

212 1449 408 1503 αἴροντες
430 1458 575 1503 χεροῖν
605 1444 754 1505 ὀλίγην
787 1448 1080 1504 ἐπερρίπτουν
1111 1457 1205 1499 τοῖς
1236 1449 1422 1502 σώμασι,
1454 1451 1524 1491 καὶ
1556 1443 1663 1502 μεθ’
1699 1445 1865 1504 ἡμέραν

211 1516 253 1558 εἴ
287 1532 354 1565 τις
389 1515 658 1571 παράβολος.
723 1516 873 1570 μύριοι
911 1519 983 1559 καὶ
1024 1516 1227 1569 δισχίλιοι
1260 1519 1347 1558 τῶν
1379 1512 1559 1572 εὐγενῶν
1591 1518 1698 1557 νέων
1730 1510 1868 1565 οἷῗτως
1897 1523 1933 1556 20

213 1582 538 1639 διεφθάρησαν.

322 1655 359 1692 4.
406 1651 461 1693 Οἱ
501 1650 546 1692 δὲ
577 1647 657 1707 ἤδη
689 1648 1051 1705 διαμεμισηκότες
1081 1649 1129 1692 τὸ
1164 1650 1365 1706 φονεύειν
1396 1645 1551 1706 ἆνέδην
1582 1649 1862 1706 εἰρωνεύοντο

210 1716 468 1774 δικαστήρια
498 1719 571 1760 καὶ
601 1721 776 1773 κρίσεις.
826 1718 897 1759 καὶ
931 1717 980 1773 δή
1012 1734 1111 1759 τινα
1141 1719 1228 1759 τῶν
1259 1716 1624 1772 ἐπιφανεστάτων
1656 1712 1864 1759 ἀποκτεί-

321 1927 851 1973 PAMLVRCLatHegesippus
876 1927 927 1962 IV
951 1931 970 1961 9
995 1939 1030 1972 p.
1051 1929 1127 1961 240.
1153 1927 1185 1962 V
1211 1929 1229 1960 2
1254 1937 1289 1971 p.
1309 1929 1372 1960 279
1387 1936 1438 1970 sq.
1476 1926 1554 1961 Exc
1579 1927 1730 1962 Peiresc.

325 1999 340 2030 1
356 1997 502 2037 κακίας]
517 1996 646 2030 finiunt
658 1996 735 2030 Exc
803 1996 950 2038 κακίας]
967 1995 1044 2029 finit
1059 1995 1147 2029 liber
1163 1998 1311 2039 quartus
1327 1994 1452 2038 incipit
1466 1994 1556 2029 liber
1572 1995 1714 2038 quintus
1726 1995 1797 2030 Lat

206 2048 281 2098 γὰρ
298 2062 366 2086 om.
384 2051 430 2095 P;
457 2051 502 2086 cf.
519 2063 554 2096 p.
573 2055 651 2094 409,
672 2054 711 2087 12
781 2047 876 2087 ἀλλὰ
899 2065 973 2098 γαρ
998 2061 1065 2086 om.
1084 2051 1154 2085 Lat
1221 2052 1239 2083 3
1267 2050 1305 2086 δὲ
1320 2049 1445 2085 LVRC
1516 2051 1727 2094 ἰδουμαίων,
1753 2064 1796 2087 ου
1820 2061 1864 2087 ex

208 2118 298 2142 corr.
324 2109 356 2142 A
426 2112 444 2142 5
468 2107 738 2154 καταληφθείη]
763 2104 981 2172 κατελήφθη
1005 2106 1071 2142 VR
1141 2103 1291 2152 εἱρκτὴν
1306 2106 1414 2140 PA¹C
1485 2109 1502 2139 ἰ’
1529 2105 1861 2153 προστεθήσεσθαι

207 2196 406 2231 PAMVRC
499 2195 643 2243 αἵρεσιν
666 2197 727 2232 PL
753 2175 899 2245 ιῒιῖὶεσιν
922 2197 957 2230 A
1060 2200 1078 2231 S
1103 2196 1141 2232 δὲ
1164 2195 1258 2231 VRC
1375 2198 1394 2229 9
1420 2197 1497 2230 τῶν
1520 2204 1586 2230 om.
1610 2194 1642 2228 L
1734 2198 1862 2243 προεί-

206 2257 321 2290 λαντο
354 2253 436 2288 V¹R
572 2251 693 2295 δεινὰς
722 2274 764 2279 -
800 2257 840 2290 10
872 2250 1179 2301 στρεβλούμενοι]
1210 2251 1417 2285 saeuissime
1450 2256 1566 2285 tamen
1598 2254 1681 2286 ante
1712 2257 1861 2287 mortem

205 2310 356 2345 uerbera
387 2308 612 2344 sustinebant
645 2310 851 2345 exulcerati
879 2310 1006 2356 playis
1042 2314 1150 2353 atque
1194 2307 1379 2341 tormentis
1409 2307 1480 2340 Lat
1574 2309 1613 2340 10
1637 2308 1862 2354 μαστοιγού-

205 2368 316 2409 μενοί
347 2366 380 2399 Α
538 2378 578 2401 τε
610 2375 677 2400 om.
710 2366 737 2399 P
875 2367 938 2401 καὶ
970 2361 1344 2410 προστρεβλοὺμενοι
1376 2362 1406 2396 L
1440 2364 1476 2396 et
1505 2363 1545 2396 ut
1575 2362 1646 2396 uid.
1677 2362 1749 2397 Lat

209 2424 244 2456 11
273 2421 402 2467 μηκέτι
426 2420 493 2455 VR
633 2424 673 2455 12
698 2421 736 2457 δὲ
760 2432 826 2457 om.
854 2421 880 2456 C
1007 2418 1232 2466 ἀνῃροῦντο]
1257 2412 1444 2463 άνήγοντο
1469 2417 1578 2452 LLat
1694 2420 1735 2452 13
1760 2416 1860 2461 τοὺς]

206 2473 299 2512 τοὺσ
327 2476 395 2520 μὲν
429 2476 454 2510 C
581 2475 785 2523 ἐρρίπτουν
816 2477 846 2511 L
878 2475 1056 2523 ἐρίπτουν
1086 2475 1133 2530 Ο,
1238 2477 1277 2510 14
1308 2472 1512 2518 δεσμόταισ
1543 2473 1576 2508 R
1701 2477 1741 2508 15
1771 2474 1862 2520 μηδὲ

207 2533 349 2567 κλαίειν
366 2533 396 2566 L
419 2543 463 2566 ne
483 2532 573 2577 flere
597 2532 739 2578 quidem
756 2533 825 2567 Lat
896 2535 936 2567 16
962 2529 1087 2568 αὐτῶν
1111 2532 1155 2576 ἠν
1179 2533 1224 2564 tr.
1243 2529 1273 2563 L
1344 2528 1687 2573 κατακεκλεισμένα
1711 2529 1773 2564 RC
1797 2533 1860 2566 καὶ

207 2588 580 2631 κατακεκλεισμένων
605 2589 780 2624 Destinon
878 2588 924 2626 τὰ
949 2585 1104 2634 δάκρυα]
1128 2586 1234 2622 etiam
1260 2585 1430 2620 lacrimae
1452 2585 1522 2619 Lat
1614 2588 1653 2618 17
1678 2587 1742 2620 καὶ
1764 2583 1860 2630 μετὰ

208 2643 478 2689 περισκέψεως]
502 2641 597 2687 μετὰ
623 2644 887 2691 περισκέψεωσ
911 2644 950 2680 δὲ
972 2643 1003 2677 L
1109 2644 1149 2677 18
1178 2638 1197 2677 ὃ
1223 2638 1415 2684 πενθήσας
1439 2636 1561 2682 εὐθὺς]
1587 2636 1703 2676 εὖθὺσ
1727 2637 1748 2676 ὅ
1775 2654 1861 2677 πεν-

207 2694 291 2734 θὼν
315 2699 388 2740 (sic)
413 2699 443 2732 L
538 2702 578 2734 19
601 2703 743 2746 χεροῖν]
766 2702 897 2746 χερσὶν
920 2700 951 2734 L
972 2705 1124 2745 χαιροῐν
1149 2697 1174 2731 C
1245 2694 1509 2742 ἐπερρίπτουν]
1533 2693 1738 2741 ἐρρίπτουν
1762 2696 1792 2729 L

209 2757 250 2788 20
275 2753 411 2800 μύριοι]
435 2749 558 2800 μύριοι
586 2756 623 2791 δὲ
646 2755 813 2790 AMVRC
928 2755 1035 2796 νέων]
1061 2765 1128 2789 om.
1154 2753 1264 2787 LLat
1286 2754 1350 2788 καὶ
1374 2751 1469 2787 νέων
1493 2751 1643 2786 Hudson
1758 2746 1860 2789 οὕτω

206 2808 301 2844 LRC
327 2803 449 2845 οὕτω·
470 2810 502 2844 V
572 2814 613 2845 22
638 2806 791 2856 οἷναίδην
815 2811 914 2845 LVR
990 2808 1254 2857 εἰρωνεύονται
1279 2808 1308 2842 L
1411 2809 1452 2841 23
1478 2803 1518 2850 δή
1543 2816 1610 2841 om.
1636 2806 1667 2840 L
1766 2803 1860 2844 άπο-

205 2871 348 2901 κτεῖναι
375 2865 524 2900 MVR-‘c
550 2862 711 2902 α’ποκτεῖ
733 2866 782 2900 R²
