2018 3236
228 136 307 173 310
605 133 670 167 DE
695 131 853 171 BELLO
878 131 975 167 1UD.
1001 131 1053 165 III
1079 133 1255 166 262—270
1282 134 1341 173 (vu
1369 137 1418 163 26.
1445 135 1498 174 27)

113 252 193 293 263
227 243 324 291 άλλ
351 244 431 303 ἤδη
455 245 700 299 παρόντων.
752 240 773 286 ὁ
799 243 844 284 δὲ
862 241 1072 299 Ιώσηπος
1093 243 1172 294 τὰς
1201 244 1280 297 μὲν
1308 252 1525 299 γυναῖκας,
1557 241 1615 293 ὡς
1644 244 1701 301 μὴ
1733 246 1871 302 θηλύ-

224 331 337 358 νοιεν
361 313 490 367 οἴκτῳ
516 311 596 361 τὰς
626 308 766 366 ὁρμὰς
795 312 882 352 τῶν
914 314 1149 393 σφετέρων,
1181 312 1424 353 κατακλείει
1454 319 1551 360 ταῖς
1583 310 1742 361 οἰκίαις
1771 329 1851 364 μετ

224 379 410 435 ἀπειλῆς
454 376 680 433 ἡσυχάζειν
725 377 951 427 κελεύσας·
998 377 1128 428 αὐτὸς
1173 378 1219 420 63
1265 378 1339 421 ἐπὶ
1384 381 1469 420 τῶν
1511 377 1808 454 ἐρειφθέντων
1845 396 1870 434 ῃ

111 453 193 492 264
225 449 371 500 έλαχεν
408 445 584 502 παρῄει.
641 453 734 494 τοῖς
773 444 852 498 μὲν
891 443 965 487 οὐν
1002 441 1110 487 καθ’
1155 445 1280 500 ε’τερα
1318 448 1625 502 προσφέρουσι
1663 444 1742 495 τὰς
1781 446 1873 488 κλί-

221 530 361 569 μακας
393 509 441 556 οὗ
474 521 717 568 προσεῖχεν,
751 507 1073 565 ἀπεκαραδόκει
1104 512 1149 554 δὲ
1180 511 1256 568 τὴν
1289 510 1425 567 ὁρμήν
1456 515 1544 554 τιῦν
1573 513 1725 566 βελῶν.

112 586 191 624 265
336 584 401 623 27.
436 578 569 634 Ὁμοῦ
608 575 647 621 6³
693 579 739 622 οἵ
773 595 820 621 τε
857 580 1094 621 σαλπικταὶ
1125 581 1212 621 τιῦν
1241 579 1474 634 ταγμάτων
1506 576 1714 622 ἁπάντων
1746 575 1873 635 συνή-

220 663 357 705 χησαν
387 649 459 690 καὶ
491 646 632 690 δεινὸν
664 645 933 703 ἐπηλάλαξεν
964 644 988 703 ἡ
1021 646 1226 702 στρατιά,
1262 649 1335 690 καὶ
1367 646 1594 688 πάντοθεν
1625 643 1873 702 ἀφιεμένων

110 719 190 758 266
223 712 312 758 άπὸ
354 715 637 772 συνθήματος
674 716 760 757 τῶν
797 714 936 768 βελῶν
973 712 1021 756 τὸ
1065 716 1160 770 φιῦς
1199 711 1478 768 ὑπετέμνετο.
1533 717 1798 770 μεμνημένοι
1827 730 1874 769 γε

221 781 304 840 μὴν
340 785 427 825 τῶν
466 784 544 824 τοῦ
569 777 783 836 Ἰωσήπου
825 781 1176 836 προσταγμάτων
1216 782 1258 824 οἷ
1298 781 1375 823 συν
1406 777 1523 837 αὐτῷ
1554 781 1633 831 τάς
1661 797 1709 823 τε
1740 776 1875 830 ἀκοὰς

110 853 190 892 267
223 849 336 905 πρὸς
372 848 450 907 τὴν
488 848 595 905 βοὴν
626 850 697 891 καὶ
729 847 783 890 τὰ
815 848 998 902 σώματα
1030 847 1143 903 πρὸς
1173 848 1252 898 τὰς
1284 845 1466 904 ἀφέσεις
1498 848 1763 905 ἐφράξαντο,
1804 850 1875 891 καὶ

221 913 473 971 βαλλάντιον
495 915 574 966 τὰς
594 915 790 973 μηχανὰς
812 915 1107 971 ἐπεξέδραμον
1131 911 1190 958 δι)
1229 912 1370 958 αὐτῶν
1401 917 1505 970 πρὶν
1538 915 1743 971 ἐπιβῆναι
1776 915 1877 965 τοὺς

111 987 191 1027 268
222 984 451 1039 βαλόντας,
485 983 835 1037 συμπλεκόμενοί
856 999 903 1025 τε
924 992 1016 1033 τοῖς
1039 979 1235 1026 ἀνιοῦσιν
1265 993 1458 1026 παντοῖα
1487 985 1559 1026 καὶ
1587 985 1743 1037 χειριῦν
1775 982 1876 1038 ἔργα

222 1054 295 1094 καὶ
316 1053 458 1108 ψυχῆς
480 1050 849 1107 ἐναπεδείκνυντο,
882 1050 1149 1105 πειρώμενοι
1171 1050 1294 1105 παρὰ
1325 1050 1404 1100 τὰς
1435 1049 1617 1103 ἐσχάτας
1649 1049 1877 1107 σιμφοράς

223 1118 281 1176 μὴ
317 1122 490 1172 χείρους
529 1121 776 1198 φαίνεσθαι
805 1120 892 1159 τιῦν
924 1116 966 1159 ἓν
999 1113 1211 1174 ἀκινδύνῳ
1242 1120 1305 1173 τιῦ
1334 1116 1444 1159 κατὰ
1477 1119 1594 1174 σφᾶς
1625 1113 1877 1172 ἀνδριζομέ-

111 1189 192 1229 269
225 1198 329 1228 νων
363 1181 475 1228 ὥστε
497 1202 544 1227 ου
567 1184 790 1267 πρότερον
815 1181 1138 1267 απερρήγνυντο
1170 1187 1255 1227 τῶν
1281 1183 1504 1239 Ῥωιιαίων
1534 1186 1640 1239 πρὶν
1670 1178 1695 1242 ἢ
1726 1194 1878 1228 πεσεῖν

111 1256 191 1295 270
223 1246 249 1308 ἦ
272 1253 550 1331 διαφθεῖραι.
603 1250 659 1302 ὡς
681 1248 721 1294 6
750 1269 789 1294 οι
819 1252 897 1305 μὲν
930 1252 1112 1305 έκαμνον
1145 1253 1350 1308 διηνεκῶς
1381 1252 1644 1307 ἀμυνόιιενοι
1674 1254 1747 1295 καὶ
1777 1268 1878 1302 τοις

224 1320 478 1375 προμάχους
523 1316 720 1374 ἀμείβειν
765 1316 841 1362 οἰκ
879 1319 1067 1373 έχοντες,
1113 1318 1161 1362 τὸ
1205 1319 1412 1377 κεκιιηκὸς
1452 1321 1497 1363 63
1537 1323 1622 1362 τῶν
1654 1317 1877 1373 Ρωμαίων

226 1384 481 1443 ἀκραιφνεῖς
522 1388 765 1440 διεδέχοντο
805 1390 877 1430 καὶ
915 1391 1079 1440 ταχέως
1119 1383 1215 1429 ἀντὶ
1255 1390 1341 1430 τιῦν
1374 1384 1744 1442 ἀποβιασθέντων
1777 1386 1879 1428 ε’πέ-

400 1454 421 1468 0
765 1456 775 1462 .
881 1455 887 1464 ι
1120 1451 1236 1466 ,,,,,
1484 1456 1493 1462 .
1593 1454 1601 1465 x
1843 1453 1851 1464 2

225 1537 400 1573 σαντες,
438 1530 533 1570 τοῖς
564 1521 610 1563 δὲ
640 1525 820 1575 θυρεοῖς
851 1522 1140 1576 καθύπερθεν
1172 1518 1445 1578 φραξάμενοι
1478 1531 1635 1579 στῖφος
1667 1519 1877 1577 ἄρρηκτον

225 1588 419 1644 ἐγένοντο
444 1590 516 1631 καὶ
537 1588 746 1643 καθάπερ
768 1588 831 1631 ἑνὶ
864 1589 1036 1643 σώματι
1066 1589 1187 1644 πάσῃ
1218 1591 1271 1644 τῇ
1303 1588 1494 1645 φάλαγγι
1525 1584 1879 1639 τοὺςἸουδαίους

225 1651 503 1705 ἀνωθοῦντες
537 1653 619 1713 ἤδη
651 1658 727 1698 τοῦ
756 1660 924 1708 τείχους
956 1656 1204 1709 ἐπέβαινον.

337 1801 825 1838 PAMLVRCLatMathem.
850 1805 921 1836 uet.
948 1813 982 1845 p.
1009 1805 1084 1837 324.

339 1861 354 1892 1
382 1855 449 1899 τὰς
471 1857 540 1901 μὲν
563 1861 754 1903 γυναῖκας]
779 1855 824 1895 τὰ
849 1859 917 1903 μὲν
940 1857 1071 1905 γύναια
1089 1857 1165 1898 VR,
1191 1867 1258 1891 om.
1277 1858 1303 1892 C
1374 1861 1392 1892 2
1419 1861 1512 1899 ταῖς]
1539 1863 1602 1893 ταῖ
1621 1856 1647 1891 C
1718 1857 1877 1893 οἰκείαισ

222 1915 288 1950 VR
355 1914 449 1958 μετὰ
469 1912 527 1947 VC
598 1915 617 1947 3
634 1913 695 1949 ἐπὶ
711 1934 749 1938 —
767 1917 788 1948 4
805 1912 953 1960 παρῄει]
972 1915 1020 1949 ad
1028 1919 1174 1960 partem
1191 1915 1295 1955 muri,
1320 1925 1413 1958 quae
1437 1915 1504 1949 sibi
1529 1914 1721 1959 optz‘qerat,
1746 1914 1878 1948 transit

222 1971 292 2004 Lat
374 1968 448 2011 ἐπὶ]
479 1970 556 2015 πρὸ
581 1969 674 2004 LVO
700 1966 803 2013 πρὸσ
826 1970 858 2004 R
941 1969 1206 2017 ἐρειφθέντων]
1232 1970 1270 2004 Μ
1294 1969 1523 2016 ἐκριφέντων
1548 1969 1658 2003 PAL¹
1682 1967 1877 2016 ἐκριφθέν-

223 2040 298 2062 των
320 2026 368 2059 L²
392 2024 652 2070 ε’ρριφθέντων
677 2025 770 2060 VRC
796 2024 1031 2071 ἐρριμμένων
1054 2027 1196 2061 Bekker
1275 2024 1298 2071 ἢ
1322 2026 1355 2060 V
1435 2029 1455 2059 4
1480 2026 1607 2072 παρίει
1631 2025 1663 2058 Α
1687 2026 1821 2070 παρείη
1845 2025 1878 2058 V

225 2084 383 2128 παρείην
406 2081 439 2116 R
508 2084 528 2115 6
553 2076 600 2122 δ’]
627 2092 693 2116 om.
718 2082 756 2115 M
781 2082 819 2117 δὲ
842 2081 936 2117 VRC
1006 2085 1230 2128 σαλπιγκταὶ
1253 2086 1331 2128 (my
1356 2092 1398 2116 ex
1423 2092 1514 2116 corr.
1540 2082 1589 2120 M)
1613 2080 1748 2114 PMLR
1773 2083 1809 2114 et
1833 2090 1877 2114 ex

225 2149 317 2172 corr.
343 2138 374 2171 A
453 2135 691 2183 συνήχθησαν
714 2137 900 2171 AL¹VLat
981 2141 997 2171 7
1033 2135 1267 2184 (ἐπηλάλαξεν
1291 2138 1329 2172 Μ
1358 2135 1582 2181 ἐπιλάλαζεν
1606 2136 1637 2170 V
1720 2139 1739 2171 9
1765 2136 1814 2177 οἱ]
1842 2135 1882 2172 οἵ

225 2240 265 2263 τε
291 2227 385 2262 VRC
526 2230 561 2260 11
590 2225 791 2273 βαλόντων
815 2226 841 2261 C
959 2225 1211 2272 ἐπεξέδραμον
1236 2247 1277 2252 -
1304 2230 1343 2262 13
1368 2225 1685 2268 ἐναπεδείκνυντο]
1722 2227 1795 2271 ipsi
1816 2237 1876 2260 eas

225 2294 334 2318 cursu
365 2288 401 2318 et
434 2287 626 2328 antequam
656 2283 774 2318 hostes
806 2283 843 2317 z'n
875 2282 932 2318 his
960 2283 1085 2328 pedem
1117 2288 1291 2328 ponerent
1323 2287 1500 2328 occupant
1532 2292 1661 2327 eosque
1686 2281 1877 2316 ascendere

225 2340 377 2374 nitentes
390 2339 533 2384 proelio
551 2339 780 2375 deterrebant
795 2340 901 2374 uaria
918 2350 1086 2373 manuum
1105 2341 1256 2384 itemque
1280 2339 1390 2373 animi
1404 2338 1574 2383 facinora
1591 2338 1877 2373 demonstrantes

226 2395 298 2429 Lat
415 2394 620 2440 ἐξέδραμον
644 2395 704 2430 LC
830 2394 1015 2442 ἐπιβῆναι,
1040 2409 1060 2430 ν
1084 2398 1299 2439 expunctum
1323 2394 1394 2429 uid.
1420 2395 1453 2427 A
1476 2396 1645 2440 διαβῆναι
1671 2392 1764 2427 VRC

230 2453 270 2484 12
294 2447 497 2496 βαλόντας]
521 2446 739 2494 βάλλοντασ
755 2451 889 2486 PAML
915 2449 1190 2498 διαβάλλοντασ
1208 2451 1234 2485 C
1259 2448 1512 2497 διαβαλόντασ
1530 2449 1596 2483 VR
1664 2452 1716 2490 τε]
1742 2462 1783 2495 γε
1807 2446 1878 2494 μὴν

226 2505 354 2541 LVRC
473 2509 512 2540 13
545 2505 824 2543 ἐνεπεδείκνυτο
856 2507 957 2541 Math
1070 2504 1289 2553 πειρόμενοι
1319 2506 1390 2540 ΑΜ
1507 2509 1546 2540 14
1578 2503 1770 2553 ἀκινδύνῳ]
1804 2519 1879 2541 κιν-

227 2558 322 2597 δύνω
346 2561 380 2596 R
471 2565 537 2609 τῷ]
570 2572 614 2597 ex
646 2573 736 2598 corr.
761 2564 794 2597 A
824 2565 902 2598 τῶν
926 2563 1172 2598 PA¹MLVRC
1266 2565 1305 2597 15
1336 2557 1593 2608 α’περρύγνυτο
1619 2561 1645 2595 C
1742 2564 1779 2595 16
1805 2564 1878 2596 δια-

227 2652 420 2695 φθαρῆναι
444 2653 480 2684 et
502 2651 526 2685 i.
552 2661 662 2695 marg.
692 2654 906 2697 διαφθεῖραι
930 2653 962 2687 V
1065 2652 1103 2688 δὲ
1128 2652 1221 2686 VRC
1325 2664 1361 2687 οι
1383 2651 1462 2696 μὲν]
1489 2664 1523 2687 οι
1547 2651 1615 2695 μὲν
1637 2629 1740 2694 (ἔμεν
1764 2650 1879 2694 (ειμὲν

228 2705 394 2746 deletum)
422 2705 447 2740 C
567 2710 604 2740 17
640 2705 871 2753 προμάχους]
896 2708 1103 2742 PAMLLat
1132 2706 1298 2754 ἐχθρουσ
1320 2708 1387 2742 VR
1415 2706 1557 2743 εαυτῶν
1583 2706 1608 2740 C
1726 2709 1764 2741 18
1789 2719 1877 2742 υπο

228 2761 467 2807 βιασθέντων
484 2761 617 2796 MVRC
692 2766 729 2796 19
755 2761 1103 2811 παρακελευόμενοι
1120 2765 1150 2798 L
1219 2778 1259 2801 τε
1284 2775 1351 2800 om.
1369 2762 1535 2798 MLVRC
1603 2763 1672 2807 μὲν
1696 2773 1764 2798 om.
1782 2762 1809 2795 P

230 2819 271 2850 20
296 2814 516 2860 καθύπερθε
536 2817 569 2851 V
638 2821 783 2863 στῖφος]
808 2825 937 2865 τεῖχοσ
961 2819 1205 2855 MVRCMath
1228 2820 1355 2866 qlobus
1377 2818 1446 2853 Lat
1516 2821 1554 2852 21
1581 2818 1752 2864 ἐγένεντο
1778 2818 1811 2852 V

229 2874 292 2907 καὶ
317 2871 399 2905 eicit
423 2871 599 2906 Destinon
622 2876 662 2906 ut
686 2873 768 2908 hinc
791 2874 938 2919 incipiat
962 2876 1128 2920 apodosis

1908 857 1943 889 10

1909 1191 1945 1223 15

1908 1526 1945 1558 20
