2039 3282
828 189 1021 223 Praefatio.
1597 189 1754 223 xxxin

90 305 188 344 κίειν
221 297 470 352 Ἐλεοῦσαν,
514 302 610 345 hino
648 303 689 344 M
728 304 828 346 fecit
869 302 929 352 εἷς
967 302 1044 358 τὴν
1085 302 1128 344 ἐν
1170 302 1476 358 Ι(σι,τγῑα()’σκίᾳ
1511 298 1753 345 Ἐλεοῦσαν.

90 371 193 412 alibi
233 372 409 412 alterum
441 383 573 423 genus
605 372 795 424 corrigit,
837 385 931 413 nam
965 386 1004 426 p.
1036 373 1138 424 302,
1188 376 1231 411 10
1263 373 1425 426 recepit
1456 371 1630 412 παίδων
1661 386 1754 414 cum

91 437 214 491 VRC,
246 438 321 480 sed
353 443 464 480 recte
496 439 707 480 intellexit
738 439 972 481 desiderari
1003 439 1180 493 aliquid,
1213 439 1428 493 suppleuit
1459 440 1585 492 igitur
1617 432 1755 487 σῖτως

92 500 334 557 ἀπελθεῖν,
369 519 409 559 p.
441 508 534 559 425,
572 510 586 545 1
623 506 735 547 solus
767 506 885 547 dedit
916 508 1266 558 πεπιστευμένοι»
1298 508 1429 560 μέρος
1460 505 1647 547 ἔσεσθαι
1680 501 1755 546 οὐκ

90 566 238 627 ὀλίγον
269 574 596 628 speciosissime,
628 573 703 615 sed
735 587 788 615 ex
821 575 1060 615 coniectura
1085 579 1130 615 ut
1151 574 1338 628 uidetur,
1370 588 1466 616 nam
1498 587 1755 628 magnopere

90 641 326 683 cauendum
359 647 434 694 est,
466 654 518 682 ne
550 641 592 681 in
625 641 690 683 his
721 642 1014 694 similibusque
1045 642 1098 682 ab
1131 654 1180 682 eo
1212 640 1475 694 decipiamur
1494 644 1536 690 ¹).

203 710 275 751 Nil
298 714 439 751 autem
467 709 632 760 mirum,
665 722 758 750 cum
791 709 944 749 bonum
975 714 1188 750 auctorem
1212 707 1390 748 Parisini
1425 713 1465 749 et
1486 709 1755 750 Ambrosiani

90 778 450 829 consanguineum
483 776 699 829 habuerit,
731 776 845 829 quod
876 776 1085 817 interdum
1117 775 1231 817 solus
1262 775 1416 828 probas
1448 776 1651 819 lectiones
1683 790 1754 818 ex-

90 843 220 897 hibet,
252 845 368 885 uelut
389 857 429 897 p.
455 846 547 897 327,
582 846 624 883 13
648 856 730 884 una
751 844 905 885 uocula
926 843 1075 884 leniter
1102 843 1306 883 translata
1336 840 1412 883 τὸν
1439 838 1651 897 Ἰώσηπον
1682 846 1754 885 καὶ

91 909 134 951 ἐν
168 907 318 959 ἄλλοις
350 912 605 964 egregieque
636 925 676 964 p.
710 912 804 963 582,
837 912 882 950 21
921 923 997 963 pro
1028 907 1138 961 μετὰ
1170 910 1290 950 dedit
1320 912 1449 962 μέγα,
1484 911 1596 963 quod
1628 912 1755 953 etiam

89 980 264 1021 Latinus
297 978 496 1021 habuisse
528 977 708 1019 uidetur.
756 979 893 1019 minus
925 982 1040 1018 certa
1069 989 1136 1018 res
1169 981 1232 1019 est
1262 990 1300 1030 p.
1331 978 1425 1029 420,
1451 980 1488 1030 2,
1521 979 1591 1019 ubi
1623 980 1756 1020 uerba

89 1060 115 1088 a
137 1047 350 1089 Marciano
383 1045 538 1087 tradita
568 1059 593 1086 a
625 1046 746 1087 nobis
778 1046 820 1086 in
852 1050 1012 1087 textum
1044 1049 1216 1098 recepta
1247 1049 1361 1099 sunt,
1395 1051 1515 1087 erunt
1540 1047 1650 1087 enim
1673 1047 1755 1088 for-

90 1120 224 1167 tasse,
265 1115 336 1167 qui
376 1127 470 1154 eum
511 1113 752 1154 coniectura
790 1111 990 1154 infectum
1031 1124 1124 1154 esse
1163 1116 1323 1166 putent.
1384 1113 1568 1166 denique
1599 1127 1754 1155 memo-

90 1181 267 1223 randum
299 1186 362 1222 est
392 1181 498 1221 inter
528 1180 668 1221 uarias
700 1178 903 1219 lectiones
936 1193 1042 1231 esse,
1076 1192 1184 1232 quae
1215 1194 1241 1221 a
1272 1180 1387 1222 nullo
1418 1181 1504 1222 alio
1536 1185 1643 1222 teste
1675 1186 1754 1222 tra-

90 1248 253 1301 dantur,
287 1261 460 1300 quorum
483 1247 668 1288 maxime
699 1247 972 1288 memorabile
1005 1252 1068 1288 est
1097 1261 1137 1300 p.
1162 1249 1227 1299 26,
1256 1249 1302 1286 12
1327 1250 1609 1303 σεσοβημένη,
1644 1249 1757 1302 quod

90 1317 180 1358 sine
203 1315 331 1357 dubio
355 1314 645 1368 reponendum
677 1320 760 1368 est,
792 1328 889 1356 nam
922 1317 1133 1369 σεβομένη
1165 1315 1263 1356 ferri
1295 1328 1377 1356 non
1407 1320 1568 1369 potest;
1601 1316 1757 1358 deinde

89 1396 130 1436 p.
162 1384 256 1436 548,
290 1385 304 1421 1
342 1386 458 1424 extat
490 1379 533 1422 ἐν
563 1383 715 1436 κσνῑῷ,
754 1383 824 1423 ubi
857 1383 987 1424 ceteri
1018 1381 1222 1424 exhibent
1253 1380 1297 1423 ἐν
1329 1381 1483 1437 σκότῳ,
1517 1384 1630 1437 quod
1661 1397 1755 1426 cum

89 1451 163 1491 uix
196 1450 386 1503 intellegi
417 1450 571 1503 possit,
613 1450 901 1503 quaerendum
934 1455 997 1492 est
1026 1464 1125 1491 num
1156 1450 1261 1491 illud
1292 1451 1432 1503 potius
1464 1451 1756 1505 recipiendum

89 1518 154 1559 sit.
215 1517 290 1559 sed
322 1518 521 1571 quoniam
552 1531 605 1559 ne
637 1523 735 1559 tunc
766 1517 938 1570 quidem
969 1518 1086 1559 locus
1119 1523 1370 1572 persanatus
1402 1532 1495 1561 esse
1526 1519 1754 1561 uidebatur

89 1585 319 1627 consultius
350 1586 487 1628 uisum
519 1591 582 1627 est
612 1599 638 1626 a
667 1585 843 1639 reliquis
874 1585 1073 1627 traditum
1106 1597 1369 1627 conseruare.

706 1757 728 1803 ξ
760 1756 783 1795 6
826 1754 878 1796 de
911 1754 1058 1797 codice
1090 1755 1138 1797 L.

202 1855 468 1908 Singularem
499 1857 639 1897 locum
671 1856 832 1897 obtinet
863 1856 1000 1898 codex
1030 1857 1352 1912 Laurentianus,
1386 1859 1454 1911 qui
1488 1859 1611 1900 sicuti
1642 1859 1684 1900 M
1716 1865 1758 1901 et

89 1937 183 1966 cum
209 1924 281 1965 PA
313 1924 521 1966 consentit
553 1928 594 1965 et
625 1937 719 1965 cum
750 1924 883 1966 altero
914 1937 1082 1977 genere,
1114 1925 1200 1967 alio
1231 1929 1372 1967 tamen
1403 1926 1553 1979 modo;
1584 1940 1681 1967 nam
1713 1927 1755 1967 in

89 1991 197 2033 libro
238 1991 375 2044 primo
416 1995 458 2033 et
496 1995 617 2044 parte
656 1991 830 2033 secundi
869 1992 958 2033 fere
994 2004 1128 2045 usque
1158 1991 1215 2034 ad
1245 2006 1284 2046 p.
1317 1995 1398 2034 200
1429 1994 1490 2035 ita
1520 2007 1614 2036 cum
1645 1994 1756 2036 VRC

88 2058 211 2112 facit,
253 2062 298 2099 ut
337 2071 431 2100 raro
463 2059 516 2099 ab
549 2059 610 2100 eis
649 2058 843 2111 recedat,
882 2064 926 2100 at
957 2059 1112 2101 exinde
1154 2061 1232 2102 etsi
1272 2062 1433 2114 priores
1466 2062 1640 2103 comites
1672 2075 1755 2104 non

91 2125 259 2167 omnino
287 2126 456 2178 deserit,
489 2127 625 2180 magis
656 2130 798 2168 tamen
828 2126 884 2168 ad
905 2126 978 2168 PA
1010 2140 1056 2169 se
1086 2127 1276 2182 adplicat
1306 2130 1378 2181 ita,
1410 2133 1456 2170 ut
1487 2129 1547 2171 eis
1579 2129 1756 2171 similior

91 2193 144 2234 sit
166 2206 291 2246 quam
313 2193 368 2246 M,
401 2198 442 2235 et
468 2207 596 2247 saepe
618 2194 728 2235 PAL
748 2194 906 2236 faciant
927 2199 1072 2236 contra
1093 2195 1248 2237 MVRO
1264 2198 1304 2244 2).
1347 2210 1455 2249 quae
1477 2197 1645 2249 generis
1667 2210 1756 2238 mu-

91 2260 192 2302 tatio
233 2273 316 2302 non
355 2261 490 2303 solum
526 2261 582 2302 ad
611 2275 678 2303 res
710 2262 927 2315 grauiores
957 2263 1153 2315 pertinet,
1186 2263 1260 2305 sed
1293 2264 1420 2305 etiam
1452 2264 1615 2305 leuiora
1646 2277 1756 2306 com-

90 2327 299 2382 plectitur,
332 2329 449 2369 uelut
479 2333 576 2382 post
595 2343 636 2382 p.
660 2331 741 2370 200
773 2330 797 2369 ἶ)
832 2328 1122 2383 ephelcystico
1154 2336 1195 2372 et
1215 2330 1475 2384 apostropha
1497 2330 1646 2372 eodem
1668 2332 1756 2373 fere

92 2394 217 2436 modo
256 2395 385 2436 utitur
424 2409 475 2438 ac
506 2396 592 2437 PA.
652 2396 856 2438 habemus
896 2397 1024 2450 igitur
1061 2398 1252 2440 codicem
1292 2411 1345 2439 ex
1384 2402 1562 2451 utroque
1600 2412 1756 2452 genere

91 2463 291 2515 mixtum,
332 2475 457 2516 quem
498 2464 558 2505 ita
598 2468 733 2505 ortum
774 2477 865 2507 esse
904 2471 1104 2518 apparet,
1143 2471 1189 2507 ut
1226 2471 1298 2507 aut
1337 2467 1556 2519 exemplar
1590 2467 1757 2519 generis

92 2530 279 2572 melioris
301 2543 355 2571 ex
375 2531 509 2572 altero
533 2531 825 2584 corrigeretur,
858 2536 930 2573 aut
950 2533 1112 2575 ratione
1136 2534 1305 2575 inuersa
1335 2532 1558 2575 deterioris
1589 2535 1756 2586 generis

157 2683 163 2688 -
208 2665 238 2705 1)
263 2662 334 2696 alia
358 2663 464 2697 huius
488 2664 584 2698 modi
615 2663 776 2708 exempla
807 2663 964 2708 reperies
989 2675 1022 2708 p.
1052 2667 1126 2707 168,
1156 2668 1213 2708 10;
1248 2668 1324 2707 212,
1353 2668 1386 2708 1;
1422 2667 1497 2707 236,
1523 2668 1562 2707 33
1589 2667 1665 2708 335,
1693 2667 1755 2710 22;

94 2720 170 2759 344,
197 2720 254 2761 133
281 2721 356 2760 359,
385 2722 418 2762 13
446 2722 600 2764 364,12;
627 2723 703 2761 370,
722 2723 759 2763 4;
785 2722 861 2762 431,
881 2724 915 2763 23
942 2721 1023 2755 uide
1055 2722 1163 2756 etiam
1188 2725 1264 2763 305,
1283 2725 1322 2765 93
1352 2724 1409 2764 12;
1445 2724 1496 2762 19,
1521 2721 1582 2755 ubi
1605 2722 1758 2763 genuina

92 2773 203 2808 habes
229 2774 418 2809 commixta
443 2775 557 2817 falsis,
581 2781 617 2811 et
639 2788 676 2821 p.
696 2779 773 2818 612,
793 2779 845 2819 20,
872 2777 933 2811 ubi
957 2787 1080 2811 uerum
1106 2787 1185 2812 esse
1210 2782 1329 2821 potest
1353 2778 1446 2821 quod
1471 2777 1614 2822 supplet
1638 2791 1758 2823 παρα-

94 2834 236 2872 νομίας.
359 2833 392 2867 2)
418 2831 498 2866 uide
521 2843 556 2876 p.
586 2835 659 2874 198,
690 2836 747 2877 10;
777 2837 835 2876 113
864 2837 921 2876 193
950 2836 1007 2878 223
1037 2837 1111 2877 199,
1141 2838 1174 2878 13
1202 2837 1241 2876 23
1269 2837 1300 2874 7,
1327 2834 1455 2877 quibus
1480 2833 1567 2867 locis
1593 2834 1756 2868 omnibus

94 2883 125 2916 L
151 2895 230 2919 cum
251 2885 347 2921 VRC
369 2885 471 2930 facit3
499 2892 535 2921 at
558 2899 593 2932 p.
620 2891 695 2927 202,
724 2892 780 2933 183
808 2893 868 2933 213
895 2893 970 2933 203,
991 2895 1049 2934 143
1078 2894 1137 2935 163
1167 2895 1223 2933 173
1252 2892 1326 2931 204,
1347 2892 1383 2932 33
1411 2892 1487 2931 205,
1505 2892 1524 2924 2
1550 2900 1631 2924 cum
1655 2889 1758 2923 PAM

97 2941 283 2981 consentit,
309 2944 345 2975 et
367 2941 495 2976 ibidem
519 2954 555 2987 p.
583 2946 658 2986 203,
687 2948 742 2988 113
770 2948 845 2988 204,
873 2949 932 2989 173
959 2950 1034 2990 205,
1063 2951 1101 2982 19
1128 2941 1207 2983 cum
1231 2945 1339 2981 VRC.

163 3001 303 3037 Iosephus
320 3003 373 3031 VI.
1399 3012 1417 3036 c
