2018 3236
77 337 153 376 163

78 672 154 710 164

78 872 152 911 165

78 1006 154 1046 166

78 1342 155 1381 167
184 1333 194 1348 ³

78 1475 155 1515 168

80 1681 156 1722 169

185 154 265 191 534
580 152 644 186 DE
670 151 827 186 BELLO
852 151 948 186 IUD.
974 151 1024 185 VI
1053 153 1226 186 162—169
1251 153 1287 192 (ΙΙ
1316 156 1436 192 8-10)

186 266 382 309 ἐπέκλινε
411 267 489 306 τοῦ
518 264 684 313 ι’ππου,
716 277 927 304 τοσουτον
958 261 1004 304 δὲ
1036 261 1289 312 ἐπεδείξατο
1320 265 1396 320 τῆς
1428 263 1573 313 δεξιᾶς
1603 262 1678 305 τὸν
1708 263 1834 306 τόνον

184 334 257 374 καὶ
294 334 370 373 τοῦ
410 332 568 372 λοιποῦ
610 329 813 383 σώματος
859 328 923 371 έτι
963 324 1004 370 δ
1045 327 1277 382 εμπειρίας
1318 330 1517 385 ἱππικῆς.
1579 327 1599 371 ὁ
1641 330 1719 383 ιιὲν
1760 328 1834 372 οὖν

185 395 333 451 ω’σπερ
363 414 407 438 τι
437 396 661 452 κειμήλιον
701 394 1015 450 ἁρπασάμενος
1053 399 1127 450 ήκε
1167 400 1313 452 φέρων
1345 401 1539 451 Καίσαρι
1569 395 1645 439 τὸν
1678 396 1834 450 αἰχμά-

185 468 344 507 λωτον·
381 468 511 513 Τίτος
533 464 579 506 δὲ
600 462 676 506 τὸν
706 464 784 517 μὲν
815 463 1007 517 λαβόντα
1036 465 1113 518 τῆς
1145 463 1368 517 δυνάμεως
1399 463 1650 517 θαυμάσας,
1682 462 1757 505 τὸν
1789 463 1835 505 δὲ

185 534 412 588 ληφθέντα
433 533 509 586 τῆς
532 529 702 585 περὶτὰ
728 539 867 583 τεῖχος
899 529 1210 587 ἐπιχειρήσεως
1240 528 1426 572 κολάσαι
1455 530 1673 580 κελεύσας,
1707 526 1836 580 αὐτὸς

183 599 226 641 ἐν
255 607 351 647 ταῖς
383 599 485 653 περὶ
517 597 566 641 τό
600 596 716 652 ἱερὸν
749 597 985 651 διαμάχαις
1015 588 1066 654 ἢν
1097 598 1168 639 καὶ
1199 596 1253 638 τὰ
1282 597 1467 650 χώματα
1497 597 1769 655 κατήπειγεν.

298 668 334 706 9.
372 660 437 707 Ἐν
468 661 503 720 ᾦ
529 661 734 708 Ἰουδαῖοι
764 665 1023 718 κακούμενοι
1059 673 1156 714 ταῖς
1188 666 1427 718 συμβολαῖς
1459 660 1525 707 ἀεὶ
1556 660 1652 706 κατ’
1690 660 1837 718 ὀλίγον

182 735 508 788 κορυφουμένου
547 734 624 774 τοῦ
662 733 858 786 πολέμου
895 733 967 774 καὶ
1006 734 1069 787 τῷ
1108 734 1197 787 ναῷ
1237 735 1589 786 προσέρποντος,
1630 730 1836 785 καθάπερ

185 802 436 880 σηπομένου
469 795 670 853 σώματος
703 795 956 841 ἀπέκοπτον
988 798 1042 840 τὰ
1074 800 1403 855 προειλημμένα
1442 800 1548 856 μέλη
1587 798 1837 855 φθάνοντες

185 884 262 946 την
293 866 355 916 εἷς
384 865 432 907 τὸ
467 865 622 920 πρόσω
654 866 802 923 νομήν.
862 868 939 923 τῆς
967 865 1049 921 γὰρ
1086 870 1262 945 βορείου
1301 867 1370 908 καὶ
1409 883 1518 908 κατα
1553 865 1675 908 δυσιν
1707 867 1838 915 στοᾶς

185 933 232 976 τὸ
258 933 427 986 συνεχὲς
450 932 564 988 πρὸς
584 932 663 989 τὴν
682 929 925 976 Ἀντωνίαν
957 933 1260 990 εμπρήσαντες
1283 933 1438 976 έπειτα
1461 929 1712 1011 απέρρηξαν
1734 928 1837 975 όσον

188 1000 342 1057 πήχεις
373 1001 524 1046 εἰκοσι
556 1009 654 1050 ταῖς
687 1000 822 1051 ἰδίαις
850 1003 997 1057 χερσὶν
1029 997 1264 1056 αρξάμενοι
1294 1005 1435 1043 καίειν
1466 1018 1519 1042 τα
1553 996 1667 1056 άγια.
1727 1016 1837 1053 μετα

185 1064 227 1110 δ’
276 1065 439 1123 ἱμέροις
475 1068 571 1113 δυο,
612 1068 789 1123 τετράδι
819 1069 892 1110 καὶ
929 1068 1069 1110 εικάδι
1106 1071 1182 1110 τοῦ
1212 1071 1531 1125 προειρηιιέποι
1569 1067 1724 1125 μηνός,
1761 1066 1838 1124 τὴν

185 1138 373 1192 πλησίον
405 1135 539 1177 στοὰν
570 1133 895 1190 [ὑποπιμπρᾶσι
921 1133 1136 1189 Ῥωμαῖοι,
1168 1137 1238 1177 καὶ
1261 1139 1387 1190 μέχρι
1408 1136 1722 1178 πεντεκαίδεκα
1754 1151 1839 1191 πη-

181 1206 268 1256 χιῦν
308 1202 621 1257 προκόψαντος
658 1204 734 1243 τοῦ
774 1201 915 1256 πυρὸς
955 1197 1288 1245 ἀποκόπτουσιν
1329 1201 1495 1256 ὁμοίως
1519 1199 1725 1246 Ἰουδαῖοι
1763 1201 1840 1256 τὴν

185 1266 376 1326 ὀροφήν,
416 1270 524 1324 μήτε
563 1268 782 1319 καθάπαξ
819 1268 1093 1323 ἐξιστάμενοι
1132 1272 1219 1312 τῶν
1258 1270 1393 1325 ἔργων
1432 1272 1503 1313 καὶ
1538 1269 1586 1312 τὸ
1621 1268 1734 1324 πρὸς
1763 1268 1840 1325 τὴν

184 1340 422 1379 Αντωνίαν
455 1337 647 1393 συναφὲς
679 1333 822 1379 αὐτῶν
855 1337 1146 1391 διαιροῦντες·
1179 1337 1246 1379 διὸ
1269 1339 1339 1379 καὶ
1363 1337 1507 1391 παρὸν
1528 1337 1708 1379 κωλύειν
1729 1333 1840 1378 ὓπο-

186 1401 495 1459 πιμπράντας,
536 1405 577 1446 οἱ
610 1404 655 1446 δὲ
688 1421 802 1457 προς
832 1421 909 1459 την
942 1403 1129 1458 εμβολὴν
1160 1421 1236 1446 του
1268 1404 1408 1460 πυρὸς
1439 1401 1734 1462 ἠρεμήσαντες
1764 1403 1841 1459 τήν

189 1470 321 1527 τομὴν
354 1471 594 1527 εμέτρησαν
631 1467 748 1526 αὗτι)
781 1475 910 1527 σφίσι
937 1475 1172 1549 xqryozsscswg
1235 1473 1336 1525 περὶ
1368 1472 1445 1524 μὲν
1478 1471 1527 1528 δὴ
1560 1470 1608 1512 τὸ
1644 1469 1760 1524 ἱερον
1792 1487 1840 1512 ου

188 1538 409 1580 διέλειπον
442 1556 486 1580 αι
519 1539 757 1592 συχμῗολαί,
802 1554 978 1595 συνεχής
1010 1534 1052 1578 δ’
1086 1556 1136 1594 ην
1166 1539 1276 1580 κατὰ
1317 1541 1449 1592 μέρος
1489 1537 1732 1580 ἐκθεόντων
1765 1533 1838 1579 επ’

189 1600 399 1661 ἀλλήλους
430 1602 451 1647 ὁ
486 1604 692 1658 πόλεμος.

305 1676 369 1714 10.
408 1673 504 1713 Τιῦν
530 1668 753 1714 Ἰουδαίων
780 1671 826 1713 δέ
847 1687 913 1720 τις
942 1671 1052 1713 κατὰ
1084 1671 1245 1721 ταύτας
1274 1672 1354 1721 τὰς
1384 1671 1546 1727 ἡμέρας
1578 1671 1684 1728 α’νὴρ
1715 1671 1763 1713 τό
1796 1687 1843 1713 τε

299 1827 530 1862 PAMLVRC
542 1828 912 1872 LatSyrHegesippus
936 1828 969 1862 V
994 1830 1035 1862 36
1060 1838 1095 1872 p.
1123 1830 1197 1862 350.
1249 1827 1406 1861 Zonaras
1431 1827 1447 1860 I
1473 1839 1506 1871 p.
1534 1830 1608 1862 538.
1662 1826 1789 1861 Suidas
1813 1837 1840 1861 s.

191 1884 312 1924 Τίτος.

303 1942 317 1973 1
345 1934 381 1973 δ’
406 1939 466 1972 LO
566 1937 793 1981 ἐπεδείξατο,
818 1942 861 1981 §a
887 1938 1004 1982 suppl.
1029 1939 1062 1971 A
1177 1941 1252 1983 τῆς]
1278 1941 1347 1982 τῆσ
1371 1952 1411 1975 τε
1436 1939 1564 1973 AVRG
1679 1936 1749 1975 τὸν
1773 1949 1840 1972 om.

188 1994 274 2028 Suid
410 1997 429 2027 2
455 1994 492 2030 δὲ
519 1995 581 2029 VR
743 1993 794 2032 ἔτι
820 2015 862 2019 -
888 1994 1049 2039 ἱππικῆς]
1079 1997 1141 2030 καὶ
1173 1997 1236 2039 τῆς
1268 1994 1417 2040 ἱππικῆς
1450 1996 1578 2041 τέχνης
1609 1991 1675 2040 την
1705 1990 1843 2040 α’ρετήν

188 2050 275 2084 Suid
349 2049 547 2096 ἐμπειρίαν
570 2051 739 2085 habuisse
764 2052 834 2085 uid.
854 2052 919 2094 Syr
942 2053 977 2084 et
996 2050 1083 2084 Suid
1108 2050 1189 2085 fort.
1216 2054 1310 2085 recte
1380 2055 1398 2085 3
1425 2052 1551 2097 φέρων
1570 2071 1608 2075 —
1629 2054 1649 2084 4
1673 2047 1843 2096 λαβόντα

188 2106 209 2139 i.
234 2115 342 2150 marg.
368 2107 486 2150 suppl.
513 2109 545 2140 A
660 2110 713 2155 τῷ
741 2107 906 2152 Καίσαρι
930 2105 1016 2139 Suid
1129 2109 1148 2139 -1
1177 2103 1196 2141 ὁ
1223 2106 1261 2142 δὲ
1291 2107 1400 2148 Τίτος
1426 2107 1512 2141 Suid
1632 2104 1842 2151 θαυμάσας]

188 2159 405 2206 ἐθαύμασεν
436 2163 464 2197 L
496 2160 792 2209 ὑπερθαυμάσας
825 2162 913 2196 Suid
1060 2162 1129 2197 τὸν
1161 2162 1199 2198 δὲ
1224 2183 1266 2187 —-
1293 2167 1310 2196 5
1335 2160 1525 2205 κελεύσας]
1559 2156 1694 2208 δώροις
1727 2157 1844 2198 αὐτὸν

189 2214 357 2265 α’μείψας
381 2217 450 2255 τὸν
474 2219 664 2266 ληφθέντα
690 2215 885 2256 ἀπέκτεινε
911 2217 997 2252 Suid
1089 2222 1108 2252 6
1133 2216 1174 2253 ἐν
1197 2238 1239 2242 ——
1264 2212 1320 2264 ἦν]
1346 2218 1394 2252 acl
1419 2218 1545 2252 solitas
1566 2229 1713 2264 pumicis
1736 2217 1845 2252 rediit

189 2275 256 2318 Syr
348 2276 565 2320 διαμαχίαισ
589 2275 618 2309 L
712 2279 729 2308 7
755 2275 777 2310 i.
803 2284 912 2317 marg.
940 2270 988 2309 ις’
1016 2273 1041 2308 C
1133 2269 1313 2315 Ἰουδαῖοι]
1339 2274 1497 2310 ἰουδαῖοι
1520 2275 1589 2318 μὲν
1613 2275 1641 2308 L
1710 2271 1845 2310 κακού-

188 2342 341 2373 μεστνοι
366 2331 416 2365 sic
441 2333 473 2365 A
579 2335 598 2365 9
623 2331 725 2376 μέλη]
750 2331 842 2376 μέρη
866 2330 896 2364 L
1004 2332 1041 2363 10
1068 2326 1249 2375 πρόσω-·
1270 2330 1301 2364 V
1396 2334 1434 2364 13
1469 2331 1507 2367 δὲ
1531 2330 1597 2366 VR
1687 2327 1780 2374 μετὰ
1807 2324 1841 2364 δ’

189 2382 330 2431 ἡμέρας
354 2384 431 2428 δύο]
458 2386 565 2421 biduo
591 2392 707 2421 autem
731 2391 817 2432 post
840 2386 922 2421 idus
945 2385 1015 2419 Lat
1107 2383 1266 2429 τετράδι]
1294 2383 1454 2433 τετάρτη
1480 2387 1506 2421 C
1620 2387 1766 2420 Panemi
1790 2388 1844 2420 24.

191 2441 264 2475 dies
290 2446 344 2476 est
370 2445 421 2477 12.
447 2443 602 2486 Augusti
631 2443 734 2487 (prid.
766 2443 813 2477 id.
839 2444 946 2484 Aug.)
976 2441 1059 2475 anni
1090 2441 1218 2475 Iuliani
1249 2445 1303 2482 (70
1329 2453 1363 2486 p.
1390 2442 1486 2485 Chr.)
1604 2445 1643 2477 14
1674 2443 1845 2487 πλησίον]

191 2498 351 2542 πλησίαν
375 2497 461 2539 Zon,
487 2508 554 2533 om.
582 2498 650 2531 Lat
741 2495 1011 2542 ὑποπιμπρῶσι
1036 2496 1142 2531 MVR
1171 2492 1414 2543 ὕποπιπραῖσι
1439 2499 1465 2533 C
1590 2500 1629 2533 16
1654 2495 1845 2540 καθάπαξ]

190 2550 371 2588 καθάπαν
396 2553 522 2588 LVRC
548 2554 691 2588 omnino
718 2554 787 2587 Lat
855 2555 917 2588 καὶ
942 2548 986 2587 τὸ
1015 2571 1055 2576 —-
1082 2555 1121 2586 19
1144 2553 1348 2598 χρησίμως]
1374 2558 1409 2588 et
1433 2554 1603 2588 antoniae
1627 2554 1846 2588 continentia

191 2607 406 2649 dirimentes,
432 2619 510 2642 cum
528 2610 650 2643 liceret
675 2610 726 2643 eis
750 2619 793 2643 ιιο
809 2607 976 2642 deberent
991 2607 1191 2642 incendium
1210 2608 1430 2653 prohibere;
1453 2610 1576 2653 itaque
1592 2611 1747 2644 immisso
1765 2610 1847 2654 ique

192 2673 336 2698 cursum
360 2664 436 2698 eius
461 2665 571 2698 otiosi
591 2676 660 2710 pro
684 2676 751 2699 sua
776 2663 932 2698 utilitate
956 2663 1191 2697 metiebantur
1216 2664 1284 2698 Lat
1354 2661 1397 2700 τὸ
1425 2675 1492 2700 om.
1511 2665 1549 2699 M
1621 2668 1659 2699 17
1687 2665 1846 2710 συναφὲς

194 2715 329 2759 αὐτῶν]
355 2715 422 2754 σὺν
447 2716 516 2765 αφ’
545 2719 688 2756 ἑαυτῶν
712 2717 794 2761 (σὺν
818 2722 921 2760 eras.)
947 2718 976 2751 L
1084 2718 1139 2754 διὸ
1166 2729 1233 2753 om.
1261 2720 1395 2755 MVRC
1531 2718 1847 2767 ὑποπιμπράντεσ

193 2774 331 2809 MLVR
403 2778 441 2808 19
466 2773 685 2821 ἐμέτρησαν]
703 2774 886 2821 ε’νέμησαν
902 2774 995 2809 VRC
1065 2773 1275 2820 ἐμέτρησαν
1292 2778 1345 2823 τῷ
1369 2777 1472 2821 σφίσι
1488 2778 1658 2824 χρησίμῳ
1675 2776 1781 2811 Niese

194 2833 261 2866 τοῦ
285 2829 388 2875 ἱεροῦ
406 2829 444 2863 Μ
516 2833 555 2865 20
582 2831 619 2866 δὲ
639 2831 704 2865 VR
773 2833 810 2864 21
841 2826 1018 2875 ἀλλήλοισ
1042 2829 1070 2862 L
1142 2832 1183 2863 22
1209 2830 1231 2864 i.
1257 2840 1366 2873 marg.
1393 2828 1445 2874 ιζ’
1473 2832 1498 2865 C
1569 2829 1648 2874 τοίς]
1673 2832 1789 2876 suppl.
1814 2833 1847 2866 A

194 2896 263 2921 om.
286 2884 318 2920 L

1869 876 1905 908 10

1871 1209 1907 1241 15

1874 1546 1910 1578 20
