2039 3251
59 869 97 902 10

55 1208 91 1240 15

51 1547 90 1580 20

529 140 594 175 DE
620 140 778 175 BELLO
803 140 898 175 IUD.
924 140 957 174 ΙΙ
984 142 1160 174 230—236
1185 140 1246 181 (ΧΠ
1273 142 1372 180 2-5)
1716 137 1792 172 199

129 253 271 297 ababa)
303 254 589 309 ἐξυβρίσαντα
618 253 676 310 μή
709 254 924 308 πέριιδεῐν
956 250 1244 310 ἀτιμώρητον.
1295 251 1316 294 ὁ
1351 253 1409 303 δέ,
1447 247 1496 293 οὗ
1527 250 1608 305 γὰρ
1639 248 1787 307 ἠρέμει
1823 253 1894 292 231

125 323 174 365 τὸ
207 323 396 380 πλῆθος,
429 322 467 364 εἰ
496 321 554 379 μὴ
585 321 706 374 τύχοι
736 325 1042 377 παραμυθίας,
1073 318 1196 376 ἠξίου
1228 336 1275 361 τε
1305 319 1516 374 προάγειν
1546 316 1623 360 τὸν
1651 333 1784 370 στρα-

126 390 286 446 τιώτην
307 391 377 432 καὶ
402 388 475 433 διὰ
499 392 645 443 μέσων
675 391 760 431 τῶν
793 389 1064 442 αἰτιωμένων
1096 384 1357 442 ἀπαχθῆναι
1386 386 1464 442 τήν
1496 384 1571 428 ἐπὶ
1602 385 1788 440 θανάτῳ

128 458 304 501 κελεύει.
354 459 427 500 καὶ
452 453 658 500 Ἰουδαῖοι
688 457 765 510 μὲν
797 452 1051 509 ἀνεχώρουν.

240 529 277 568 3.
310 516 466 575 Αὖθις
497 524 543 566 δὲ
566 525 816 567 Γαλιλαίων
847 526 919 566 καὶ
949 525 1190 577 Σαμαρέων
1222 526 1389 577 γίνεται
1421 520 1628 575 σιχιιρὀλή.
1679 519 1789 562 κατὰ
1820 524 1901 562 ‘232

125 593 206 648 γὰρ
239 593 389 649 Γήμαν
427 593 693 648 καλουμένήν
732 591 898 647 κώμην,
940 586 1033 646 ἥτις
1072 589 1116 631 ἐν
1154 591 1216 644 τῷ
1256 589 1431 643 μεγάλῳ
1470 588 1611 643 πεδίῳ
1647 596 1786 630 κεῖται

125 663 201 716 τῆς
232 660 572 716 Σαμαρείτιδος,
605 660 782 701 πολλῶν
813 654 1142 712 ἀναβαινόντων
1168 653 1391 699 Ἰουδαίων
1423 655 1497 698 ἐπὶ
1528 655 1605 711 τὴν
1636 653 1789 709 ἑορτὴν

127 724 375 783 ἀναιρεῖταί
403 744 471 777 τις
504 728 752 775 Γαλιλαῖος.
820 724 935 781 πρὸς
963 727 1092 766 τοῦτο
1125 726 1328 766 πλεῖστοι
1358 723 1437 776 μὲν
1469 722 1513 765 ἐκ
1543 724 1616 778 τῆς
1654 723 1787 764 Ιάλι-
1819 727 1899 766 233

127 797 255 845 λαίας
301 796 570 849 συνέδραμον
618 792 677 844 ὡς
723 792 1049 846 πολεμήσοντες
1098 800 1191 841 τοῖς
1238 793 1539 845 Σαμαρεῦσιν,
1588 790 1629 832 οἱ
1675 789 1786 845 γνώ-

127 880 248 918 ριμοι
289 861 330 905 δ’
377 859 517 905 αἰτῶν
559 862 766 910 ἐλθόντες
804 859 918 914 πρὸς
958 857 1193 912 Κουμανὸν
1232 855 1490 914 ἠντιβόλουν
1533 859 1639 910 πρὶν
1680 853 1785 912 ἀνη-

123 935 277 973 κέστου
316 931 496 980 πάθους
535 929 597 980 εἰς
633 929 710 983 τὴν
751 929 992 971 Γαλιλαίαν
1033 925 1249 980 διαβάντα
1294 925 1640 981 τιμωρήσασθαι
1683 923 1785 974 τοὺς

125 998 294 1048 αἰτίους
323 1000 400 1040 τοῦ
431 997 591 1054 φόνου·
631 996 776 1050 μόνως
805 994 886 1051 γὰρ
919 989 971 1036 ἂν
1003 994 1140 1043 οὕτως
1172 994 1440 1047 διαλυθῆναι
1471 991 1557 1045 πρὸ
1592 994 1788 1046 πολέμου

122 1065 171 1107 τὸ
220 1067 410 1121 πλῆθος.
470 1063 702 1118 Κουμανὸς
741 1064 820 1117 μὲν
860 1054 936 1105 οὖν
977 1061 1021 1104 ἐν
1062 1062 1248 1116 δευτέρῳ
1290 1058 1367 1110 τὰς
1407 1059 1579 1102 ἐκείνων
1622 1059 1788 1109 ἱκεσίας

122 1138 209 1175 τιῦν
232 1132 274 1175 ἐν
293 1135 405 1187 χειρὶ
427 1131 698 1187 πραγμάτων
718 1134 909 1185 θέμενος
933 1127 1184 1184 ἀπράκτους
1205 1124 1476 1182 ἀπέπεμψεν
1496 1126 1598 1176 τοὺς
1630 1127 1785 1176 ἱκέτας.

235 1205 272 1241 4.
309 1197 541 1255 Ἀγγελθὲν
581 1199 627 1241 δὲ
667 1198 728 1248 εἷς
753 1196 1033 1254 Ἱεροσόλυμα
1071 1194 1120 1238 τὸ
1163 1195 1317 1245 πάθος
1347 1197 1425 1237 τοῦ
1456 1197 1785 1251 πεφονευμένου
1818 1200 1897 1238 234

122 1267 176 1309 τὰ
214 1267 367 1324 πλήθη
409 1265 694 1322 συνετάραξεν
734 1267 806 1308 καὶ
844 1266 923 1322 τῆς
954 1263 1106 1319 ἑορτῆς
1137 1259 1350 1320 ἀφέμενοι
1382 1261 1494 1316 πρὸς
1524 1261 1602 1319 τήν
1632 1261 1786 1315 Σαμά-

123 1350 243 1388 ρειαν
283 1334 486 1389 ἐξώρμων
525 1329 846 1390 ἀστρατήγητοι
883 1334 955 1375 καὶ
994 1331 1147 1388 μηδενὶ
1185 1333 1272 1372 τῶν
1309 1327 1530 1385 ἀρχόντων
1560 1329 1785 1382 κατέχοντι

122 1401 402 1455 πειθόμενοι.
452 1403 529 1444 τοῦ
560 1402 793 1457 λῃστρικοῦ
825 1395 865 1441 δ’
904 1395 1045 1441 αὐτῶν
1075 1400 1147 1440 καὶ
1181 1397 1455 1447 στασιώδους
1479 1400 1689 1439 Δειναίου
1718 1413 1786 1446 τις
1817 1402 1897 1441 235

121 1465 482 1524 υἱὸςἙλεάζαρος
503 1471 574 1512 καὶ
591 1466 876 1522 Ἀλέξανδρος
908 1467 1095 1524 ἐξῆρχον,
1129 1467 1172 1508 οἳ
1201 1474 1295 1515 τοῖς
1325 1462 1507 1522 ὁμόροις
1537 1467 1613 1520 τῆς
1629 1460 1785 1518 Ἀκρα-

119 1539 307 1595 βατηνῆς
321 1541 565 1590 τοπαρχίας
580 1532 913 1591 προσπεσόντες
931 1530 1088 1584 αὐτούς
1107 1550 1154 1576 τε
1175 1530 1357 1590 ἀνῄρουν
1377 1533 1595 1590 μηδεμιᾶς
1615 1529 1786 1589 ἡλικίας

121 1604 260 1661 φειδὼ
291 1603 552 1658 ποιούμενοι
581 1605 656 1646 καὶ
685 1602 766 1654 τὰς
794 1603 944 1657 κώμας
975 1601 1327 1656 ἐνεπίμπρασαν.

231 1676 268 1714 5.
314 1670 546 1725 Κουμανὸς
591 1672 638 1714 δὲ
684 1669 918 1725 ἀναλαβών
963 1665 1052 1712 ἀπὸ
1099 1671 1176 1724 τῆς
1216 1671 1490 1722 Καισαρείας
1532 1671 1638 1722 μίαν
1684 1666 1781 1724 ἰ’λην
1814 1672 1895 1713 236

120 1739 294 1782 ἵππειον
333 1738 602 1795 καλουμένην
634 1741 920 1796 Σεβαστηνῶν
961 1736 1192 1793 ἐξεβοήθει
1229 1745 1321 1786 τοῖς
1353 1735 1682 1792 πορθουμένοις
1710 1736 1780 1776 καὶ

227 1996 541 2031 PAMLVRCLat.

230 2056 243 2087 1
274 2048 391 2088 αὐτὸν
407 2053 436 2086 L
461 2054 537 2087 eius
560 2051 631 2086 Lat
655 2047 772 2088 αὐτοῦ
796 2052 850 2086 ed.
874 2062 929 2096 pr.
1000 2053 1172 2098 παριδεῖν
1192 2050 1220 2084 Ρ
1289 2046 1489 2097 ἠρεμήσειν
1511 2050 1711 2085 LVRCLat

116 2111 136 2143 2
152 2107 240 2155 τύχη
258 2109 283 2144 C
346 2105 461 2155 ἠξίου]
479 2105 637 2145 συνιδὼν
653 2104 757 2155 ἠξίου
773 2108 900 2143 LVRC
971 2121 1011 2144 τε
1037 2105 1246 2154 προσάγειν
1263 2107 1295 2139 Α
1313 2103 1522 2152 προσάγειν
1541 2121 1579 2143 τε
1600 2107 1725 2141 LVRG

118 2168 137 2200 3
161 2166 280 2210 μέσον
304 2166 331 2200 Ρ
355 2163 476 2211 μεσόν
500 2166 552 2201 sic
577 2166 603 2201 C
674 2162 852 2211 α’παχθῆν
878 2165 920 2199 (3¹
989 2168 1011 2199 4
1034 2165 1057 2199 i.
1083 2174 1192 2208 marg.
1217 2167 1269 2199 W
1292 2164 1325 2198 V
1395 2167 1413 2196 5
1441 2159 1630 2209 συμβουλή
1648 2162 1709 2197 VO

115 2224 135 2256 6
158 2221 302 2268 Γήμαν]
328 2219 394 2268 τὴν
419 2217 527 2269 ω’βᾶν
550 2221 580 2255 L
606 2219 673 2267 τὴν
703 2219 806 2266 μαάν
830 2221 863 2256 V
887 2218 953 2266 τὴν
984 2217 1082 2268 βηὰν
1109 2220 1142 2254 R
1173 2216 1239 2265 τὴν
1271 2215 1394 2265 γημάν
1425 2218 1451 2253 C
1485 2221 1521 2252 et
1550 2219 1572 2252 i.
1606 2228 1715 2260 marg.
1744 2217 1776 2252 V

114 2273 288 2324 τὴν-βᾶν
311 2283 347 2313 et
369 2279 392 2314 i.
426 2288 535 2322 marg.
564 2290 610 2313 m.
637 2281 655 2312 2
680 2275 803 2325 γημὰν
818 2278 906 2322 Lips
932 2272 1083 2323 εὕρηται
1106 2279 1167 2312 καὶ
1198 2272 1306 2322 ώβάν
1322 2276 1344 2310 i.
1363 2286 1474 2319 marg.
1492 2274 1531 2308 M
1549 2285 1689 2320 qemma
1707 2274 1778 2308 Lat

113 2335 252 2380 Γιναῆς
285 2336 369 2370 Ant.
405 2334 475 2369 XX
510 2338 572 2370 118
713 2338 729 2368 7
768 2337 921 2370 πολλῶν
944 2354 989 2360 -
1014 2336 1033 2368 8
1070 2329 1325 2378 ἀναιροῦνται]
1362 2331 1508 2376 quidam
1543 2330 1698 2375 yalileus
1733 2330 1778 2365 de

114 2400 260 2424 numero
304 2389 514 2425 iudaeorum
556 2391 606 2426 ad
643 2392 880 2437 festiuitatem
922 2389 1119 2426 ascendens
1153 2389 1370 2433 interficitur
1405 2388 1476 2421 Lat
1611 2389 1775 2429 πολλῶν]

116 2448 249 2481 πολλοὶ
273 2449 350 2482 τῶν
375 2446 477 2481 ΡΑΜ
568 2443 798 2495 ἀναβάντων
822 2448 849 2482 Ρ
922 2450 940 2482 8
966 2442 1180 2492 ἀναιρεῖταί
1204 2458 1259 2486 τις
1282 2446 1498 2485 Γαλιλαῖος]
1532 2439 1774 2489 ιῖναιροῦνται

115 2501 233 2546 ΡΑΜ;
260 2502 304 2537 cf.
330 2505 414 2538 Ant.
439 2503 507 2537 XX
534 2506 595 2539 118
725 2507 941 2546 Γαλιλαῖος]
973 2506 1144 2538 ἰὀυδαῖοσ
1179 2505 1215 2535 et
1246 2502 1269 2535 i.
1295 2511 1405 2544 marg.
1431 2503 1628 2545 γαλιλαῑοσ
1652 2499 1683 2533 L

116 2558 136 2590 9
161 2553 213 2599 (ὃς
237 2568 304 2593 om.
330 2558 430 2594 LVR
520 2556 598 2605 γνώ
614 2579 624 2586 ·
644 2579 653 2587 ·
672 2574 774 2606 ριμοι
799 2563 829 2594 Α
925 2563 964 2594 10
990 2557 1027 2595 δὲ
1054 2557 1182 2593 LVRC
1289 2553 1462 2601 κομαι·ὸν
1486 2556 1525 2590 Μ
1641 2557 1683 2590 12
1707 2553 1774 2599 μό-

116 2624 186 2648 νοσ
207 2613 255 2646 L¹
350 2618 390 2649 14
410 2617 520 2662 χειρὶ]
544 2618 651 2662 χερσὶ
676 2616 802 2651 LVRC
877 2619 916 2651 15
941 2613 987 2651 τὸ
1014 2612 1146 2650 πάθοσ
1171 2614 1228 2649 εἰσ
1254 2610 1483 2659 ἱεροσόλυμα
1508 2616 1552 2646 tr.
1578 2611 1706 2647 LVRC

119 2668 160 2699 16
185 2665 318 2704 συνετά
336 2687 343 2694 ·
366 2686 374 2694 ·
392 2674 503 2716 ραξεν
526 2673 559 2704 Α
676 2675 714 2706 17
740 2669 911 2719 ἕξόρμων
934 2672 991 2707 ΡΟ
1015 2668 1189 2718 ἐξώρμον
1212 2670 1259 2703 L¹
1283 2666 1505 2715 ἐξώρμησαν
1528 2669 1561 2703 R
1670 2671 1710 2702 18
1736 2668 1775 2705 δὲ

116 2719 241 2783 I3VRC
379 2729 418 2760 19
442 2725 611 2772 ἐξῆρχον,
637 2740 706 2775 ρχο
731 2728 755 2763 i.
780 2738 851 2763 ras.
876 2739 921 2762 m.
949 2730 968 2761 2
992 2728 1024 2762 V
1145 2722 1406 2772 α’κραβατινῆσ
1429 2727 1486 2767 (-
1511 2726 1617 2770 τίνησ
1641 2725 1685 2766 Α)
1710 2725 1773 2759 PA

115 2782 396 2827 ακθαβαιτηνῆσ
424 2782 451 2816 C
589 2786 629 2819 21
654 2782 913 2830 ἐνεπίπρασαν
941 2784 998 2817 ΡΟ
1028 2779 1320 2829 α’νεπίμπρασαν
1347 2781 1380 2816 R
1507 2784 1550 2816 22
1575 2778 1773 2825 κούμανοσ

115 2830 241 2868 LVRC
311 2833 362 2877 δὲ]
388 2847 455 2872 om.
480 2838 506 2872 C
533 2843 650 2874 autem
674 2839 763 2874 haec
785 2840 936 2875 audieus
960 2839 1031 2874 Lat
1103 2836 1180 2875 ἀπὸ
1206 2841 1272 2885 τῆς
1296 2838 1528 2884 Καισαρείας
1551 2847 1617 2871 om.
1644 2837 1714 2871 Lat

113 2882 195 2933 ἵλην
217 2889 308 2924 PAO
332 2889 432 2939 εἵλην
454 2893 586 2929 L¹V¹R
