2039 3251
64 867 97 899 10

63 1205 97 1237 15

61 1543 98 1575 20

556 138 621 173 DE
647 139 806 174 BELLO
831 139 927 176 IUD.
953 141 968 175 Ι
993 144 1171 176 457-462
1195 144 1298 184 (xxm
1325 148 1356 187 5)
1710 145 1785 180 105

131 246 401 309 ἀποδημίας,
441 253 513 293 καὶ
544 252 690 294 πολλὰ
720 253 798 306 μὲν
830 248 1074 309 εὐχαρίστει
1105 257 1167 310 τῷ
1198 258 1307 311 θεῷ,
1339 255 1484 299 πολλὰ
1515 256 1561 298 δὲ
1593 260 1787 311 Καίσαρι

130 323 499 375 καταστησαμένῳ
538 319 614 362 τὸν
656 317 773 362 οἷκον
815 316 947 363 αι’-τοῦ
985 326 1304 378 τεταραγμένον
1342 326 1415 366 καὶ
1444 323 1592 378 μεῖζόν
1621 341 1665 366 τι
1694 333 1788 374 τοῖς

133 386 243 436 υἱοῖς
271 388 501 440 βασιλείας
533 387 806 442 παρασχόντι
836 388 912 446 τὴν
944 386 1175 443 ὁμόνοιαν,
1216 390 1265 447 ἢν
1298 387 1447 443 αὐτός,
1490 392 1597 449 ἔφη,
1631 407 1787 447 συναρ-

129 452 255 506 μόσω
293 455 479 507 μᾶλλον·
520 452 541 496 ὁ
578 456 657 509 μὲν
687 454 767 510 γὰρ
800 455 874 509 ἐμὲ
904 457 1048 511 κύριον
1078 460 1155 515 τῆς
1187 453 1317 515 ἀρχῆς
1347 461 1418 501 καὶ
1452 458 1658 516 δικαστὴν
1691 460 1787 502 δια-

130 520 256 573 δόχου
296 525 576 579 κατέστησεν,
619 522 698 578 ἒγῶ
733 522 775 564 δὲ
808 523 917 577 μετὰ
948 527 1024 567 τοῦ
1056 529 1356 581 συμφέροντος
1388 526 1561 582 ἐμαυτῷ
1591 523 1787 570 κάκεῖνον

131 584 386 643 ἀμείβομαι.
444 590 600 633 τούσδε
638 590 739 641 τοὺς
778 600 894 646 τρεῖς
931 592 1097 642 παῖδας
1138 589 1427 648 ἀποδείκνυμι
1456 595 1674 648 βασιλεῖς,
1715 596 1787 637 καὶ

128 658 204 712 τῆς
242 657 414 714 γνώμης
452 661 626 713 πρῶτον
656 658 732 700 τὸν
763 658 872 701 θεὸν
905 659 1165 716 σύμψηφον,
1209 661 1364 703 ἔπειτα
1394 663 1464 703 καὶ
1497 659 1610 715 ὑμᾶς
1641 678 1788 715 παρα-

130 725 249 765 καλῶ
271 728 494 780 γενέσθαι.
545 729 607 781 τιιᾶ
638 725 715 780 μὲν
745 725 827 781 γὰρ
860 723 1016 781 ἡλικία,
1048 736 1142 777 τοῖς
1173 723 1213 769 δ)
1251 724 1442 783 εὐγένεια
1472 727 1548 783 τὴν
1582 727 1787 784 διαδοχὴν

131 792 354 847 προξενεῖ,
395 789 445 835 τό
483 810 530 848 γε
567 793 651 851 μὴν
689 797 879 848 μέγεθος
916 796 993 850 τῆς
1030 796 1261 848 βασιλείας
1301 792 1423 849 άρκεῖ
1459 798 1532 839 καὶ
1571 797 1786 839 πλείοσιν.

130 858 203 909 οὓς
235 859 279 901 δὲ
312 865 487 916 Καῖσαρ
518 860 596 915 μὲν
626 856 804 916 ἥνωσεν,
844 864 1110 940 καθίστησιν
1142 861 1188 904 δὲ
1219 863 1388 920 πατήρ,
1420 860 1542 917 ὑμεῖς
1572 863 1789 920 τηρήσατε

129 926 239 1005 ιιητε
260 923 438 978 ἀδίκοις
459 928 568 985 μήτε
599 924 856 982 ἀνωιιάλους
885 928 965 978 τὰς
994 928 1126 983 τιμὰς
1158 929 1366 981 διδόντες,
1399 929 1567 985 εκάστιιι)
1601 931 1645 971 δὲ
1675 948 1786 973 κατα

129 1011 177 1035 το
203 999 457 1051 πρεσβεῖον·
491 992 538 1038 οὗ
560 1013 641 1051 γαρ
662 999 873 1039 τοσοῦτον
895 993 1104 1052 εὐφρανεῖ
1123 1014 1190 1047 τις
1210 997 1287 1040 τὸν
1309 993 1418 1052 παρ)
1452 994 1619 1054 ἶλικίαν
1649 1001 1787 1053 θερα-

130 1062 394 1116 πτευόιιενον,
436 1058 539 1105 όσον
579 1059 779 1121 οδινησει
819 1063 896 1107 τὸν
935 1060 1239 1119 ατιμούμενον.
1300 1060 1374 1115 σός
1410 1081 1458 1120 γε
1496 1064 1580 1123 μὴν
1619 1062 1785 1121 εκάστιι)

131 1139 321 1173 σινεῖναι
347 1108 491 1187 δεήσει
512 1140 727 1186 συγγενεῖς
747 1133 818 1174 καὶ
842 1133 1010 1188 φίλους,
1042 1132 1123 1188 ἐγῶ
1147 1134 1340 1188 διανεμῶ
1370 1135 1443 1177 καὶ
1472 1135 1548 1188 τῆς
1578 1130 1789 1211 ὁμονοίας

129 1196 335 1254 ἐγγυητὰς
366 1197 554 1248 ἐκείνοις
583 1200 928 1255 καταστήσομαι,
963 1203 1115 1257 σαφῶς
1147 1200 1442 1256 ἐπιστάμενος
1472 1197 1542 1244 ότι
1572 1200 1651 1250 τὰς
1683 1197 1788 1243 στά-

131 1280 222 1315 σεις
256 1282 328 1308 και
359 1265 437 1315 τὰς
468 1267 739 1322 φιλονεικίας
768 1270 976 1322 γεννῶσιν
1009 1269 1054 1311 αἱ
1084 1271 1170 1311 τῶν
1203 1268 1600 1325 συνδιατριβόντων
1629 1268 1787 1326 κακοη-

129 1336 269 1385 θεῖαι,
300 1350 378 1375 καν
409 1331 516 1376 ῶσιν
547 1351 669 1377 ουτοι
697 1339 891 1392 χρηστοί,
923 1339 1129 1393 τηροῦσιν
1159 1353 1239 1387 τας
1270 1336 1468 1414 στοργάς.
1520 1332 1628 1386 άξιῶ
1660 1332 1700 1378 δ
1738 1332 1786 1378 οὐ

129 1399 263 1453 μόνον
283 1399 463 1450 τούτοις
485 1397 596 1443 ἀλλὰ
617 1419 687 1444 και
709 1401 812 1453 τοὺς
838 1419 881 1445 εν
911 1406 964 1460 τῇ
996 1418 1181 1461 στρατια
1210 1421 1294 1458 μου
1325 1403 1584 1458 ταξιάρχους
1616 1403 1660 1446 ἐν
1691 1403 1789 1458 ἐμοὶ

129 1467 263 1521 μόνον
284 1466 362 1518 τὰς
384 1467 568 1519 ἐλπίδας
590 1469 700 1522 ἔχειν
723 1469 796 1512 ἐπὶ
819 1473 897 1513 τοῦ
928 1472 1170 1527 παρόντος·
1209 1469 1257 1515 οὐ
1288 1472 1370 1528 γὰρ
1400 1474 1645 1527 βασιλείαν,
1678 1467 1788 1514 ἀλλὰ

127 1534 256 1590 τιμὴν
292 1536 522 1589 βασιλείας
558 1546 652 1587 τοῖς
690 1538 802 1588 υἱοῖς
841 1540 1150 1594 παραδίδωμι,
1195 1543 1269 1583 καὶ
1307 1543 1393 1583 τῶν
1431 1539 1510 1594 μὲν
1549 1537 1689 1598 ἡδέων
1731 1536 1789 1588 ὡς

131 1600 333 1657 ἄρχοντες
371 1599 724 1657 ἀπολαύσουσιν,
764 1605 812 1649 τὸ
853 1604 989 1663 βάρος
1026 1607 1072 1650 δὲ
1101 1611 1188 1650 τῶν
1219 1607 1490 1663 πραγμάτων
1522 1607 1625 1663 ἐμόν
1657 1607 1787 1659 ἐστιν,

129 1664 207 1713 κᾶν
245 1669 302 1726 μὴ
334 1671 470 1714 θέλω.
521 1676 784 1715 σκεπτέσθω
817 1673 860 1716 δ)
896 1674 1077 1726 ἕκαστος
1107 1693 1183 1733 την
1214 1692 1262 1718 τε
1291 1673 1463 1734 ἡλικίαν
1493 1693 1577 1730 μου
1607 1679 1681 1720 καὶ
1711 1674 1787 1731 τὴν
1822 1700 1823 1703 =
1876 1689 1885 1696 ·

130 1735 302 1818 αγωγὴν
338 1741 415 1782 τοῦ
453 1742 553 1793 βίου
590 1742 664 1783 καὶ
702 1759 780 1799 την
820 1738 1069 1797 ευσέβειαν·
1110 1741 1210 1786 οότε
1246 1743 1328 1800 γὰρ
1367 1760 1504 1794 ουτως
1535 1744 1625 1798 ειμὶ
1654 1747 1789 1799 γέρων

130 1801 238 1849 ω’στ
275 1824 327 1849 αν
359 1802 703 1864 ἀπελπισθῆναι
732 1813 909 1863 ταχέως,
943 1807 1042 1853 ου’τε
1074 1828 1136 1861 εις
1165 1828 1334 1869 τρυφην
1366 1811 1722 1866 εκδιαιτώμενος,
1762 1811 1788 1869 ἢ

128 1876 201 1917 καὶ
239 1878 361 1924 νέους
401 1873 704 1929 επιτέμνεται·
745 1876 793 1919 τὸ
835 1876 881 1919 δὲ
922 1881 1049 1921 θεῖον
1091 1879 1229 1929 ου’τως
1259 1879 1647 1936 τεθεραπεύκαμεν
1678 1874 1784 1923 ω’στ

243 2031 264 2075 ς
288 2035 353 2066 457
373 2048 415 2059 =
433 2032 517 2066 Ant.
542 2031 619 2068 Iud.
643 2033 729 2068 XVI
756 2037 832 2069 132.

239 2165 775 2213 PAMLVRCLatHegesippus
799 2170 817 2204 I
842 2173 883 2204 39
909 2182 943 2215 p.
972 2175 1024 2206 74.

245 2226 258 2257 1
286 2218 503 2288 ηὗχαρίστει
529 2225 554 2259 C
670 2229 689 2260 3
714 2229 910 2273 βασιλείας
940 2227 1190 2275 παρασχόντι]
1223 2227 1460 2275 παρασχόντι
1493 2244 1562 2277 τησ
1590 2234 1789 2279 βασιλᾎειασ

77 2332 79 2335 ι
127 2277 257 2313 LVRG
327 2283 348 2314 4
364 2277 496 2327 κύριον
519 2279 586 2324 ἔμε
609 2285 653 2315 tr.
672 2282 798 2317 LVRC
871 2288 889 2317 5
915 2282 1102 2330 διαδόχου]
1128 2288 1197 2321 τοῦ
1222 2282 1399 2331 διαδόχου
1421 2286 1517 2321 VRC
1541 2299 1788 2325 successorum

129 2338 169 2368 ut
191 2335 261 2369 uid.
278 2335 360 2377 Lat,
385 2336 544 2380 spurium
568 2341 673 2381 putat
696 2338 872 2374 Destinon
989 2343 1008 2374 6
1034 2337 1288 2388 αμειβόμενος
1314 2351 1393 2376 cum
1419 2343 1496 2377 cod.
1521 2344 1625 2379 Voss.
1649 2345 1787 2381 Hauer-

128 2390 235 2436 kamp
327 2392 511 2438 βασιλέασ
527 2393 654 2428 LVRC
748 2398 767 2430 8
792 2391 926 2441 ἡλικία,
949 2399 1033 2440 post
1058 2411 1081 2432 α
1106 2407 1196 2433 eras.
1222 2399 1293 2433 uid.
1323 2402 1338 2433 1
1365 2399 1432 2433 litt.
1452 2400 1482 2433 A
1507 2397 1642 2445 ἡλικίαι
1666 2402 1700 2437 V

130 2446 167 2482 δὲ
183 2447 309 2482 LVRC
407 2445 612 2496 εὐγενειέι·,
637 2461 728 2487 eras.
755 2467 765 2487 L
783 2452 812 2486 L
908 2456 947 2486 10
972 2450 1118 2499 ἥνωσεν
1135 2455 1212 2489 PA¹
1304 2453 1513 2501 καθήστησι
1532 2457 1581 2491 V¹
1676 2461 1716 2493 12
1742 2459 1786 2495 τὸ

131 2512 198 2537 om.
223 2503 383 2539 ALVRC
494 2511 533 2541 13
560 2504 818 2552 ἀδικούμενον,
840 2509 863 2543 i.
889 2519 1000 2553 marg.
1025 2525 1073 2557 γρ
1098 2509 1353 2556 α’τιμούμενον
1376 2512 1407 2545 A
1514 2517 1596 2556 post
1619 2514 1692 2559 μὴν
1715 2525 1786 2549 ras.

130 2561 217 2593 4—5
248 2559 316 2595 litt.
341 2563 371 2595 A
466 2566 507 2597 14
540 2562 692 2610 δεήσει·,
724 2575 815 2600 eras».
842 2579 863 2600 ν
886 2566 919 2598 Α
1013 2573 1225 2612 συγγενεϊσ,
1255 2568 1323 2602 litt.
1349 2574 1498 2614 γγενεῖσ
1521 2569 1543 2602 i.
1570 2579 1640 2604 ras.
1665 2571 1698 2604 A

131 2616 304 2660 διανεμῶι
327 2617 360 2652 V
477 2622 515 2653 15
545 2618 715 2657 ἐκείνουσ
738 2618 923 2667 ἐγγυητὰσ
947 2626 989 2657 tr.
1015 2623 1142 2658 LVRC
1262 2627 1300 2659 16
1327 2619 1607 2671 συντριβόντων
1632 2625 1675 2660 C¹

134 2672 171 2703 17
198 2666 302 2713 ἄξιιῦι
325 2672 358 2707 V
450 2671 496 2716 d']
524 2676 562 2712 δὲ
584 2676 701 2718 LVR,
729 2688 795 2712 om.
823 2678 849 2712 C
946 2681 985 2712 18
1010 2676 1249 2726 ταξιάρχουσ,
1276 2693 1320 2716 ου
1343 2681 1365 2715 i.
1390 2691 1460 2715 ras.
1488 2682 1520 2714 A
1616 2685 1654 2716 19
1678 2679 1787 2726 μόνω

130 2724 197 2759 VR·
287 2730 327 2763 21
354 2727 621 2767 ἀπολαύσωσιν
644 2733 671 2766 Ρ
697 2729 989 2777 ἀπολαύσουσιν,
1015 2749 1058 2771 ου
1082 2736 1104 2771 i.
1130 2747 1201 2771 ras.
1226 2738 1260 2770 A
1283 2733 1517 2773 ἀπολαύουσι
1542 2738 1581 2772 Μ
1597 2739 1790 2784 potientur

131 2779 201 2814 Lat
325 2786 366 2818 22
397 2786 614 2823 σκεπτέστω
638 2791 670 2822 Α
797 2790 835 2826 δὲ
861 2790 986 2826 LVRC
1113 2795 1154 2827 23
1178 2795 1254 2833 καὶ]
1279 2804 1345 2828 nec
1368 2805 1440 2827 non
1464 2795 1571 2829 etiam
1594 2794 1664 2829 Lat

134 2838 176 2899 251
207 2831 454 2929 {5615}ssch
547 2845 588 2877 25
622 2844 670 2885 δὲ]
702 2845 876 2880 PAMLat
905 2860 946 2883 τε
978 2847 1105 2882 LVRO
1198 2843 1298 2885 οὕτω
1322 2849 1449 2885 LVRO
1542 2844 1648 2891 ὥστ’]
1680 2845 1735 2886 ὦσ
1758 2850 1786 2884 Ρ

133 2903 230 2928 ωστε

1820 396 1898 436 458

1820 866 1900 905 459

1819 1069 1899 1108 460

1819 1341 1896 1380 461
