2039 3282
886 141 1074 175 I‘racfatio.
1694 138 1812 173 XXIII

150 258 374 312 syncellus
395 271 477 300 non
500 258 590 312 ipse
613 256 795 310 Iosepho
819 270 916 298 usus
940 269 1032 299 csse
1054 255 1219 298 uidetur
1241 254 1315 297 sed
1338 254 1598 307 antiquiores
1619 257 1811 296 auctores

150 326 377 368 Eusebium
399 326 589 378 aliosque
613 325 878 378 compilasse,
911 325 1011 366 satis
1032 325 1249 377 antiquum
1273 322 1477 364 habemus
1499 325 1662 364 testem.
1715 320 1812 362 dein

149 393 445 436 memorandus
477 398 540 435 est
578 391 777 431 lohannes
813 390 1023 444 Zonaras,
1064 393 1134 445 qui
1171 391 1271 432 belli
1303 389 1464 431 Iudaici
1503 388 1722 431 historiam
1760 401 1813 429 cx

150 460 319 514 Iosephi
359 461 478 502 libris
517 461 641 502 tertio
682 464 722 501 et
753 460 1024 513 sequentibus
1065 463 1305 512 excerptam
1340 457 1380 498 in
1421 456 1689 498 historiarum
1726 456 1812 509 epi-

150 534 307 571 tomam
339 529 437 578 (uol.
469 528 487 570 I
519 541 559 581 p.
584 529 797 569 523-561
838 528 902 569 ed.
936 527 1084 575 Bonn.)
1124 526 1296 578 recepit.
1351 525 1534 577 (lenique
1568 522 1741 561 Pleote'us
1772 523 1813 563 in

151 595 409 639 bibliotheca
439 595 546 645 (cod.
582 598 631 635 -17
664 609 704 649 p.
732 599 773 636 ll
813 594 1000 643 Bekker)
1036 592 1206 646 Iosephi
1237 592 1395 633 bellum
1427 591 1647 633 Iudaicum
1679 603 1723 632 se
1757 591 1813 631 lc-

150 664 264 717 gisse
295 667 473 706 testatus
503 677 639 717 pauca
671 676 724 705 ex
756 676 805 705 co
837 662 1061 715 excerpsit.

655 834 678 880 ξ
702 835 725 874 3
757 831 810 873 (16
842 830 1035 873 codicum
1066 827 1302 882 generibus.

261 935 374 976 Inter
405 938 465 976 tot
496 933 664 976 codices
694 932 749 974 ad
782 932 890 974 hanc
917 930 1146 973 editionem
1178 928 1410 981 parandam
1442 943 1514 972 eos
1546 932 1812 984 potissimum

148 1000 433 1055 adhibuimus,
467 1001 536 1054 qui
560 1001 683 1054 primi
714 999 917 1042 nominati
946 1002 1054 1051 sunt,
1086 995 1329 1036 Par-isinum
1348 997 1414 1047 (P)
1436 1002 1477 1039 et
1498 997 1813 1038 Ambrosianum

150 1069 219 1118 (A)
243 1072 284 1110 et
305 1067 564 1108 Marcianum
597 1068 668 1118 (M)
701 1074 742 1109 et
763 1066 1092 1106 Laurentz'anum
1125 1065 1190 1115 (L)
1223 1068 1264 1106 et
1294 1062 1531 1104 Vaticanum
1561 1066 1628 1115 (V)
1665 1065 1815 1108 615Εο-

148 1148 308 1175 manum
332 1136 398 1186 (R)
422 1140 464 1178 et
495 1134 725 1174 Vrbz'natem
755 1133 833 1186 (C),
867 1134 938 1186 qui
971 1137 1012 1175 et
1032 1132 1315 1186 antiquissimi
1342 1132 1430 1174 fere
1451 1136 1547 1174 sunt
1567 1137 1608 1175 et
1630 1133 1814 1175 omnium

152 1207 365 1256 tamquam
389 1203 598 1244 antistites
630 1201 777 1243 haberi
808 1204 1001 1255 possunt3
1033 1199 1185 1253 reliqui
1208 1199 1318 1241 enim
1342 1212 1436 1241 cum
1469 1200 1530 1242 eis
1552 1200 1612 1242 ita
1642 1213 1815 1243 consen-

150 1272 276 1323 tiunt,
316 1274 362 1312 ut
392 1269 498 1311 nihil
530 1270 618 1311 fere
649 1269 749 1311 noui
779 1268 1023 1322 praebeant.
1086 1267 1200 1321 quod
1231 1267 1358 1320 igitur
1390 1267 1443 1309 de
1474 1271 1637 1322 septem
1667 1269 1815 1322 primis

147 1339 330 1390 dicetur,
375 1338 502 1379 etiam
542 1336 596 1379 de
634 1336 808 1390 reliquis
850 1335 1008 1378 dictum
1046 1336 1138 1377 erit.
1205 1334 1258 1376 de
1298 1335 1382 1377 illis
1422 1335 1549 1389 igitur
1586 1336 1815 1390 praecipue

147 1404 448 1459 disputandum
481 1408 564 1457 est,
596 1404 649 1446 de
682 1404 832 1447 ceteris
865 1416 973 1457 quae
1004 1402 1246 1445 necessaria
1276 1401 1532 1444 uidebuntur
1562 1407 1712 1457 postea
1743 1417 1813 1446 ex-

144 1476 363 1527 ponentur.

257 1541 321 1581 Ac
350 1539 532 1592 primum
562 1538 745 1593 Iosepho
785 1538 829 1580 id
860 1537 1068 1580 accidisse
1100 1537 1323 1592 probabile
1355 1542 1430 1591 est,
1464 1539 1577 1591 quod
1609 1539 1695 1581 fere
1727 1552 1813 1581 om·

146 1607 269 1649 nibus
298 1607 482 1660 antiquis
515 1607 813 1661 scriptoribus;
854 1619 954 1647 nam
986 1618 1079 1648 cum
1111 1605 1208 1647 aliis
1249 1605 1500 1658 corruptelis
1532 1610 1619 1647 tum
1650 1607 1813 1648 lacunis

146 1674 419 1728 quibusdam,
452 1686 560 1727 quae
593 1674 775 1716 omnium
809 1674 979 1714 testium
1011 1685 1254 1716 communes
1285 1676 1402 1725 sunt,
1435 1686 1581 1716 omnes
1612 1674 1742 1717 libros
1775 1678 1815 1716 et

146 1743 416 1796 interpretem
443 1742 640 1783 Latinum
672 1755 727 1783 ex
757 1754 840 1783 uno
872 1741 987 1782 sonte
1018 1740 1234 1782 deriuatos
1267 1753 1360 1783 esse
1382 1741 1679 1794 intellegimus.
1731 1742 1813 1795 pri-

144 1823 258 1852 mum
289 1811 400 1851 enim
433 1823 472 1863 p.
505 1811 600 1862 391,
624 1811 648 1850 6
679 1809 811 1851 uerba
841 1805 890 1849 τὸ
926 1806 1055 1862 ἱερόν,
1088 1809 1351 1860 περιθέντες
1391 1802 1431 1848 (3¹
1470 1802 1619 1856 αὐτοῖς
1660 1801 1813 1861 ὥσπερ

146 1876 220 1919 ἐπὶ
254 1878 407 1933 σκηνῆς
432 1881 473 1919 et
501 1890 635 1930 paruo
667 1877 806 1930 spatio
838 1876 1075 1918 intermisso
1096 1878 1122 1925 ¹)
1152 1889 1193 1930 p.
1218 1878 1312 1928 393,
1350 1879 1365 1916 1
1392 1875 1523 1917 uerba
1543 1875 1617 1917 καὶ
1647 1873 1701 1930 μὴ
1740 1874 1813 1916 ὁο-

146 1947 285 2000 θῆναι
315 1941 426 1997 μετὰ
456 1945 544 1984 τῶν
567 1938 719 1984 ὅπλων
743 1938 893 1991 αὐτοῖς
914 1940 1093 1998 ἑτοίμην
1113 1941 1192 1999 τὴν
1213 1943 1266 1985 ab
1289 1943 1484 1985 omnibus
1505 1943 1624 1985 libris
1647 1943 1813 1997 scriptis

145 2019 188 2055 et
218 2013 445 2066 interprete
467 2012 618 2053 Latino
649 2012 801 2053 abesse
836 2014 909 2052 aut
939 2012 1039 2053 olim
1070 2011 1229 2054 afuisse
1246 2012 1277 2060 ²)
1308 2010 1517 2064 uidemus,
1549 2010 1813 2065 suppeditari

145 2085 287 2123 autem
318 2094 344 2121 a
364 2080 397 2121 P
428 2084 501 2122 aut
521 2079 594 2121 PA
616 2080 658 2120 in
690 2078 964 2120 adnotatione
995 2079 1242 2132 marginali;
1278 2091 1328 2120 ea
1360 2078 1471 2120 enim
1503 2078 1686 2131 genuina
1718 2090 1811 2120 6556

146 2153 188 2190 et
218 2161 244 2190 a
272 2146 455 2201 Iosepho
487 2147 657 2200 scripta,
690 2150 775 2187 tam
807 2150 1000 2199 apertum
1033 2150 1118 2198 est,
1151 2149 1197 2187 ut
1227 2146 1295 2188 uel
1328 2158 1479 2188 caecus
1511 2144 1667 2187 uideat.
1730 2146 1813 2186 iam

145 2229 247 2259 uero
278 2229 372 2258 cum
402 2215 496 2257 loco
527 2215 667 2268 priore
705 2213 942 2256 exciderint
970 2214 1138 2256 litterae
1170 2215 1235 2266 36,
1268 2214 1401 2255 altero
1435 2215 1485 2255 37
1502 2214 1547 2266 3),
1580 2216 1641 2254 tot
1670 2215 1812 2254 autem

147 2285 357 2326 elementa
386 2296 540 2337 capere
569 2282 734 2325 soleant
772 2281 928 2334 singuli
969 2294 1116 2323 uersus
1156 2281 1197 2322 in
1239 2280 1524 2322 uoluminibus
1563 2280 1747 2333 antiquis
1764 2281 1810 2332 ⁴),

146 2355 325 2405 apparet
355 2355 576 2404 utramque
598 2351 792 2392 lacunam
825 2348 923 2391 inde
946 2353 1079 2390 ortam
1111 2361 1216 2402 esse,
1250 2347 1362 2401 quod
1385 2346 1523 2390 codex
1554 2345 1811 2400 archetypus

147 2419 269 2461 unius
306 2431 452 2461 uersus
497 2419 702 2460 iacturam
740 2417 911 2459 fecerat.
982 2429 1091 2469 quae
1132 2415 1381 2457 exciderunt
1422 2415 1464 2455 in
1503 2414 1625 2456 unius
1668 2426 1810 2456 exem-

146 2486 278 2539 plaris
299 2486 487 2539 margine
508 2489 658 2540 postea
677 2485 873 2538 suppleta
893 2487 990 2526 sunt
1022 2486 1063 2524 et
1092 2495 1202 2524 nunc
1233 2483 1275 2524 in
1307 2482 1497 2535 margine
1528 2480 1722 2524 codicum
1738 2481 1811 2522 PA

148 2557 306 2595 extant.
365 2553 452 2595 alia
482 2557 546 2596 est
574 2552 727 2595 lacuna
756 2550 951 2594 codicum
983 2551 1169 2592 omnium
1199 2563 1239 2604 p.
1264 2552 1359 2602 411,
1385 2551 1450 2603 14,
1480 2549 1554 2590 ubi
1586 2549 1699 2590 Nero
1730 2551 1811 2590 tre-

265 2676 296 2715 1)
321 2673 414 2718 quod
439 2674 514 2708 61115
532 2673 626 2708 modi
651 2676 716 2717 est,
741 2675 781 2706 ut
804 2672 881 2706 fere
906 2671 1091 2714 sexaginta
1115 2681 1241 2706 uersus
1266 2671 1465 2705 litterarum
1489 2670 1709 2704 tricenarum
1735 2670 1808 2713 qui-

151 2739 278 2763 narum
303 2729 433 2773 capiat.
527 2732 559 2772 2)
584 2730 679 2774 quod
696 2729 827 2764 dicitur
844 2731 992 2772 propter
1009 2727 1232 2762 Marcianum
1257 2729 1293 2762 et
1309 2726 1597 2771 Neapolitanum,
1622 2725 1658 2759 in
1683 2725 1811 2769 quibus

150 2785 272 2827 priora
287 2789 383 2820 recte
407 2787 544 2826 extant,
570 2796 661 2829 quae
677 2795 698 2819 a
715 2784 952 2828 grammaticIS
977 2793 1021 2817 ex
1045 2783 1204 2827 margine
1228 2783 1264 2817 in
1289 2784 1425 2818 textum
1451 2781 1568 2816 delata
1593 2790 1670 2816 esse
1688 2780 1810 2815 uiden-

150 2844 219 2875 tur.
306 2843 338 2882 3)
361 2844 424 2875 aut
440 2840 613 2884 siquidem
628 2843 663 2876 ἴι
679 2841 784 2875 11111115
807 2840 948 2875 litterae
972 2839 1127 2884 spatium
1152 2839 1328 2884 complere
1353 2838 1528 2883 ponimus,
1554 2840 1596 2872 34
1613 2836 1763 2872 litterae.

148 2897 182 2936 4)
208 2895 289 2930 uide
315 2896 376 2931 le.
404 2896 500 2938 Birt,
523 2896 590 2932 clas
613 2897 735 2932 antiloe
761 2896 992 2932 Buclzmesen.
1028 2906 1064 2940 p.
1094 2898 1217 2940 194sq.
