2039 3251
517 131 583 165 DE
609 130 767 164 BELLO
792 130 888 165 IUD.
913 130 965 164 III
994 132 1169 164 166-173
1194 131 1254 172 (ΠΙ
1282 136 1310 160 τι.
1342 132 1392 171 10)
1703 129 1780 165 297

239 248 277 287 9.
323 241 663 295 Οὐεσπασιανὸς
703 245 749 287 δὲ
791 244 838 288 ἓν
870 244 1011 299 κύκλῳ
1042 243 1121 293 τὰς
1153 241 1424 299 ἀφετηρίους
1454 242 1651 298 μηχανὰς
1682 242 1782 284 ἐπι-

126 311 310 368 στήσας,
351 312 404 354 τὰ
446 311 589 354 πάντα
631 311 673 354 δ’
720 302 770 368 ἦν
811 312 968 355 ἑκατὸν
1010 311 1223 367 ἑξήκοντα
1256 309 1439 365 ὄργανα,
1479 308 1656 363 βάλλειν
1688 310 1783 353 ἐκέ-

126 382 281 422 λευσεν
326 381 429 430 τοὺς
475 381 552 423 ἐπὶ
594 385 671 421 τοῦ
715 382 901 431 τείχους.
967 377 1077 432 ὁμοῦ
1125 379 1172 421 δὲ
1219 379 1266 421 οἵ
1306 395 1353 420 τε
1394 379 1667 419 καταπέλται
1705 377 1784 427 τὰς

126 447 283 502 λόγχας
319 446 599 502 ἀνερροίζουν
632 448 705 489 καὶ
736 449 1011 489 ταλαντιαῖοι
1042 448 1168 488 λίθοι
1199 450 1396 500 μέγεθος
1428 445 1475 488 ἐκ
1507 449 1593 486 τῶν
1625 461 1786 497 πετρο-

74 523 93 554 5
123 516 267 568 βόλων
306 514 540 568 ἐβάλλοντο
590 519 677 568 πῦρ
716 532 763 557 τε
807 517 879 557 καὶ
918 516 1095 571 πλῆθος
1135 513 1319 567 ἀθρόων
1361 513 1545 563 οἰστῶν,
1586 511 1702 566 ὅπερ
1735 510 1785 554 οὐ

126 582 261 635 μόνον
301 583 350 624 τὸ
391 591 535 634 τεῖχος
576 580 847 635 ἀνεπίβατον
886 590 981 631 τοῖς
1019 580 1247 631 Ἰουδαίοις
1287 580 1522 635 ἐποίησεν,
1563 578 1672 621 ἀλλά
1713 581 1784 621 καὶ

126 648 204 705 τήν
244 649 367 700 ἐντὸς
408 649 516 705 ὅσης
556 650 782 705 ἐφικνεῖτο
820 648 986 704 χώρας·
1027 651 1101 692 καὶ
1140 649 1221 702 γὰρ
1263 650 1337 690 καὶ
1378 648 1427 688 τι)
1467 649 1553 688 τῶν
1582 645 1785 701 Ἀράβων

126 720 318 770 τοξοτῶν
356 718 532 773 πλῆθος
564 713 822 759 ἀκοντισταί
856 734 902 759 τε
935 718 1007 758 καὶ
1042 717 1341 772 σφενδονῆται
1373 714 1538 764 πάντες
1569 713 1660 767 ἅμα
1690 722 1784 764 τοῖς

127 785 437 841 μηχανήμασιν
461 785 658 838 ἔβαλλον.
710 782 759 826 οὐ
783 784 867 841 μὴν
900 783 1151 838 εἰργόμενοι
1181 788 1259 839 τῆς
1291 782 1587 835 καθύπερθεν
1618 781 1785 837 ἀμύνης

62 861 97 893 10
130 849 344 908 ἠρέμουν·
383 852 664 905 ἐκτρέχοντες
695 851 777 905 γὰρ
809 851 1164 908 λῃστρικώτερον
1198 851 1308 893 κατὰ
1338 850 1495 902 λόχους
1527 853 1786 903 περιέσπων

126 937 174 962 τε
215 922 301 961 τῶν
342 919 644 974 ἐργαζομένων
683 919 762 970 τὰς
803 923 973 969 σκέπας
1014 921 1087 961 καὶ
1125 919 1228 969 τοὺς
1259 921 1585 973 γυμνουμένους
1617 916 1786 963 ἔπαιον,

130 989 202 1029 καὶ
242 983 355 1030 καθ)
399 986 421 1028 ὂ
461 991 718 1040 παρείκοιεν
759 987 925 1030 ἐκεῖνοι
965 987 1250 1043 διερρίπτουν
1288 1003 1335 1028 τε
1376 984 1422 1027 τί
1462 988 1591 1037 χῶμα
1629 983 1787 1026 καὶτὰ

127 1054 425 1109 χαρακώματα
449 1055 524 1097 σὺν
546 1063 640 1104 τοῖς
661 1059 837 1110 γέρροις
860 1055 1214 1109 ἐνεπίμπρασαν,
1246 1059 1375 1108 μέχρι
1407 1053 1551 1100 συνεὶς
1580 1050 1788 1093 Οὐεσπα-

131 1122 284 1172 σιανὸς
314 1122 392 1178 την
426 1123 643 1177 διαίρεσιν
673 1128 760 1164 τιῦν
793 1124 932 1178 ἔργων
965 1122 1110 1164 αἰτίαν
1143 1119 1258 1164 εἶναι
1288 1126 1366 1179 τῆς
1395 1120 1588 1175 βλάβης,
1620 1116 1675 1159 τά
1706 1118 1787 1173 γὰρ

62 1198 98 1231 15
131 1189 411 1245 διαστήματα
449 1198 544 1239 τοῖς
581 1189 811 1240 Ἰουδαίοις
850 1192 1108 1245 προσβολῆς
1147 1198 1360 1243 παρεῖχεν
1399 1188 1562 1236 τόπον,
1604 1186 1699 1229 ἑνοῖ
1736 1185 1789 1226 τὰ

132 1257 438 1311 σκεπάσματα,
470 1259 544 1300 καὶ
567 1262 880 1314 συναφθείσης
902 1253 992 1310 ἅμα
1015 1253 1168 1307 αὐτοῖς
1188 1263 1267 1314 τῆς
1292 1256 1518 1308 δυνάμεως
1549 1249 1791 1309 ἀνείρχθη-

134 1341 215 1367 σαν
246 1325 292 1367 ai
322 1330 405 1368 τῶν
432 1323 653 1367 Ἰουδαίων
685 1324 976 1380 παραδύσεις.

244 1396 306 1435 10.
336 1391 641 1448 Ἐγειρομένου
666 1393 712 1436 δὲ
734 1398 812 1435 τοῦ
831 1392 1034 1445 χώματος
1066 1391 1148 1448 ἤδη
1181 1395 1252 1434 καὶ
1282 1399 1381 1441 ταῖς
1413 1389 1652 1442 ἐπάλξεσιν
1685 1387 1790 1431 ὅσον

131 1459 256 1503 οὔπω
288 1461 612 1517 πλησιάζοντος
646 1461 791 1504 δεινὸν
825 1458 847 1503 ὃ
875 1457 1088 1517 Ἰώσηπος
1119 1465 1327 1512 νομίσας,
1370 1458 1410 1501 εἰ
1440 1458 1580 1513 μηδὲν
1611 1455 1792 1511 ἀντιμη-

61 1536 100 1569 20
128 1527 364 1584 χανήσαιτο
386 1533 439 1585 τῇ
464 1527 597 1570 πόλει
629 1528 864 1585 σωτήριον,
898 1528 1189 1582 συναθροίζει
1221 1532 1429 1577 τέκτονας
1460 1527 1534 1569 καὶ
1565 1524 1615 1566 τὸ
1647 1533 1792 1577 τεῖχος

130 1595 359 1639 ἐκέλευσεν
404 1594 562 1650 ὑψοῦν.
634 1603 719 1638 τῶν
766 1596 812 1638 δ’
861 1592 1074 1638 ἀδύνατον
1123 1592 1238 1637 εἶναι
1283 1599 1495 1651 φαμένων
1541 1593 1792 1646 οἰκοδομεῖν

128 1663 359 1714 τοσούτοις
379 1665 532 1717 βέλεσι
552 1665 864 1717 βαλλομένους,
888 1669 1057 1719 σκέπην
1081 1661 1233 1713 αὐτοῖς
1256 1663 1431 1706 ἐπινοεῖ
1455 1661 1656 1704 τοιάνδε·
1689 1660 1793 1715 δρυ-

241 1798 473 1834 PAMLVRC
484 1799 555 1834 Lat
564 1799 655 1834 Exc.
681 1798 872 1834 Poliorcet.

245 1857 265 1889 2
291 1855 328 1891 δὲ
344 1855 439 1890 VRC
510 1858 528 1889 3
554 1854 627 1896 ἐπὶ]
654 1851 732 1892 άπὸ
750 1855 818 1890 VR
887 1850 923 1890 δ’
942 1855 1012 1889 ML
1083 1867 1124 1890 τε
1148 1863 1216 1888 om.
1235 1853 1302 1888 VR
1372 1856 1392 1886 4
1418 1846 1643 1898 α’νερρίζουν
1659 1852 1737 1886 P¹A
1762 1855 1798 1887 et

131 1955 176 1980 ex
199 1956 291 1981 corr.
316 1946 346 1980 L
371 1925 616 1993 ἔνερροίζουν
642 1946 673 1980 V
790 1944 964 1991 μέγεθος]
996 1944 1103 1989 incip.
1129 1945 1299 1988 excerpta
1322 1942 1555 1988 poliorcetica
1580 1942 1657 1977 cod.
1682 1942 1796 1977 Paris.

131 2003 248 2047 suppl.
274 2013 325 2047 gr.
352 2005 414 2037 607
510 2006 528 2036 5
555 1998 707 2047 ἀθρόον
730 2001 860 2036 L¹Exc
885 1998 1066 2047 ἁθρόων,
1094 2015 1123 2036 ω
1148 2001 1184 2034 in
1210 2013 1230 2035 o
1257 2010 1348 2035 corr.
1375 1999 1500 2034 deinde
1524 2009 1569 2032 m.
1596 2002 1615 2033 3
1643 2013 1672 2034 ω
1696 1999 1797 2034 resti-

131 2062 248 2094 tutum
269 2059 302 2094 V
409 2057 549 2095 ὁὶσταῖν
573 2059 600 2092 P
629 2053 768 2094 όίστιῦν
792 2060 824 2090 Α
940 2051 1039 2103 ἅπερ
1065 2052 1109 2093 οὐ
1133 2053 1267 2101 μόνον]
1294 2048 1582 2102 ἄπαιρούμενον
1605 2058 1656 2096 (αι
1679 2055 1702 2090 i.
1727 2065 1797 2090 ras.

134 2119 223 2150 3—4
239 2116 320 2158 litt.)
344 2116 377 2150 V
396 2111 714 2158 απαιωροὺμενον
738 2114 770 2148 R
797 2110 1125 2158 άπαιωρουμένων
1151 2112 1176 2146 C
1202 2124 1466 2158 απερουμενον
1489 2111 1568 2145 Exc
1684 2115 1699 2144 7
1720 2111 1798 2157 τὴν]

134 2175 203 2218 τῆσ
227 2172 350 2207 ML¹R
374 2173 410 2206 et
434 2182 478 2206 ex
503 2181 593 2206 corr.
620 2172 652 2206 V
678 2176 763 2206 τοῖσ
787 2171 835 2205 V¹
901 2164 1002 2216 ὅσης]
1031 2166 1147 2220 ρῦσησ
1172 2168 1279 2203 MVR
1341 2163 1536 2214 ιῖφικνεῖτο
1561 2167 1610 2201 L¹
1668 2166 1801 2215 χώραν

134 2228 212 2263 Exc
342 2227 496 2274 καὶγὰρ
510 2248 552 2251 -
567 2230 586 2261 9
604 2224 878 2273 μηχανήμασιν]
900 2226 1050 2261 arabum
1076 2227 1168 2260 enim
1192 2225 1468 2270 saqz'tlczrz'orum
1493 2234 1622 2258 manus
1645 2228 1679 2258 et
1702 2224 1800 2259 ιάοιι-

135 2284 268 2319 latores
280 2284 436 2329 itemque
446 2284 657 2329 funditores
671 2294 793 2318 onmes
806 2287 840 2318 et
854 2281 1042 2317 machinae
1055 2282 1124 2316 Lat
1204 2283 1267 2316 καὶ
1281 2283 1376 2321 (ante
1389 2279 1448 2321 τὸ)
1465 2289 1532 2314 om.
1546 2279 1721 2314 VRCExc

138 2343 156 2375 8
181 2353 222 2376 τε
247 2350 315 2375 om.
333 2340 412 2374 Exc
505 2343 744 2384 σφενδονῖται
768 2339 847 2373 P¹A
872 2340 1120 2384 σφενδονηταὶ
1145 2342 1178 2378 (τ
1194 2338 1216 2372 i.
1242 2346 1312 2371 ras.
1330 2336 1375 2378 V)
1399 2336 1542 2370 L¹VRC
1635 2339 1654 2370 9
1680 2333 1800 2384 εἰργό-

135 2400 256 2441 μενοι]
283 2396 406 2431 z'udaez'
425 2396 601 2443 prohibiti
624 2396 695 2430 Lat
786 2398 862 2441 τῆς]
889 2401 974 2431 τοῐσ
997 2394 1142 2429 LVRO¹
1167 2400 1254 2430 ταῖσ
1278 2393 1356 2427 Exc
1449 2387 1610 2436 α’μύναισ
1633 2393 1712 2428 Exc

1331 2462 1388 2485 εικ

139 2501 179 2532 10
194 2497 384 2544 περιέπων
397 2497 430 2532 R
491 2501 529 2533 11
544 2497 814 2544 γυμνωμένουσ
828 2497 871 2532 C¹
930 2493 1087 2532 ἔπαινον
1099 2495 1148 2529 V¹
1210 2496 1250 2529 12
1265 2500 1426 2541 παροῖεν
1439 2494 1471 2528 V
1528 2491 1571 2529 ἐκ
1584 2512 1593 2519 ·
1606 2499 1699 2530 εἷνοι
1712 2494 1745 2529 V

140 2556 379 2602 διερρίπτουν
402 2557 455 2595 τε]
472 2555 549 2588 Exc
575 2555 859 2600 διερριπτοῦντο
882 2552 1015 2587 PAML
1041 2553 1277 2599 διερρίπτουν
1300 2550 1396 2585 VRC
1492 2553 1531 2584 13
1556 2549 1718 2597 γέρροις]
1745 2548 1802 2598 ἔρ-

139 2623 225 2655 γοισ
249 2611 327 2645 Exc
419 2609 679 2657 ἐνεπίπρασαν
703 2610 746 2644 (3¹
841 2612 882 2643 14
908 2606 1041 2656 ἔργων,
1067 2622 1088 2654 ρ
1106 2619 1149 2643 ex
1165 2622 1188 2653 y
1213 2618 1303 2642 corr.
1329 2606 1359 2640 L
1455 2609 1494 2640 15
1521 2619 1700 2653 παρεχειν
1723 2607 1801 2641 Exc

139 2665 235 2700 haud
258 2666 350 2700 male
463 2679 588 2702 τοπαν
610 2667 687 2700 Exc
803 2663 923 2707 ἑνοῖ-,
955 2675 1045 2700 eras.
1077 2668 1117 2699 ut
1140 2665 1211 2699 uid.
1239 2676 1260 2698 σ
1284 2663 1346 2698 Rc
1463 2661 1509 2698 τά
1537 2657 1800 2707 σκεπάσματα]

140 2721 354 2756 PAMLExc
379 2718 449 2757 τὰσ
475 2722 621 2758 σκέπασ
637 2722 732 2757 VRC
795 2725 835 2756 16
854 2715 932 2766 ἅμα
950 2732 1018 2757 om.
1037 2721 1115 2756 Exc
1175 2717 1310 2757 αὐταῐσ
1329 2719 1359 2753 V
1418 2713 1674 2765 ἄνείρΙθησαν
1698 2720 1745 2754 L¹

145 2779 181 2809 17
208 2780 438 2823 παραλυσεισ
461 2778 539 2812 Exc
564 2776 822 2824 παρεισδύσεις
846 2778 1020 2813 Destinon
1107 2780 1146 2811 18
1170 2777 1193 2811 i.
1212 2786 1320 2819 marg.
1346 2783 1366 2808 ξ
1390 2775 1422 2811 V
1443 2776 1479 2820 ΐγ
1513 2774 1538 2808 C
1635 2778 1675 2810 19
1694 2772 1800 2812 οὔπω

144 2825 241 2867 οὕτω
265 2831 295 2865 L
367 2828 387 2868 ὃ
413 2843 480 2868 om.
503 2833 599 2868 VRC
669 2831 841 2880 νομήσασ
858 2834 891 2869 V
961 2837 999 2868 21
1027 2832 1245 2870 ἐκέλευενΒ,
1313 2829 1414 2877 ὕψου
1430 2831 1509 2866 Exc
1579 2830 1617 2867 δὲ
1635 2830 1730 2866 VRC

143 2888 185 2920 22
209 2884 449 2932 βαλλόμενοσ
474 2887 500 2922 C
592 2887 831 2934 δρυφακτοὺσ
854 2889 884 2923 L

1819 245 1898 285 166

1820 381 1895 420 167

1822 651 1898 691 168

1820 787 1898 826 169

1822 1059 1899 1097 170

1825 1397 1899 1435 171
