2018 3236
148 613 196 651 18

148 816 197 854 19

147 1149 199 1187 20

149 1283 196 1322 21

152 1429 204 1467 22

150 1630 202 1671 23

230 166 308 201 276
655 163 720 196 DE
746 161 902 196 BELLO
928 161 1024 196 IUD.
1050 160 1102 194 III
1131 162 1260 195 16-23
1284 162 1320 201 (11
1347 166 1376 192 2.
1404 162 1435 201 3)

229 277 418 326 εἴξαντες
457 273 786 329 ἐσκεδάσθησαν
826 269 907 315 άνὰ
948 275 1038 315 πᾶν
1077 271 1125 313 τὸ
1167 271 1341 313 πεδίον·
1383 270 1431 313 τὸ
1474 271 1520 312 δὲ
1558 270 1609 327 ἦν
1648 271 1761 313 πολὺ
1800 276 1871 316 καὶ

192 356 193 359 ’
231 345 317 384 πᾶν
367 340 630 393 ἱππάσιμον.
695 339 717 383 ὂ
766 340 815 397 δὴ
855 341 926 382 καὶ
965 348 1058 389 τοῖς
1093 336 1322 391 Ῥωμαίοις
1362 340 1626 394 συνεργῆσαν
1666 339 1874 380 πλεῖστον

230 407 459 462 εἰργάσατο
505 409 592 448 τῶν
626 402 848 450 Ἰουδαίων
894 407 1053 463 φόνον·
1098 404 1199 455 τούς
1242 422 1290 447 τε
1333 403 1414 459 γὰρ
1456 405 1694 460 φεύγοντας
1733 400 1874 446 αὐτῶν

229 474 478 531 φθάνοντες
523 473 794 531 ἐπέστρεφον
839 476 909 516 καὶ
955 476 1042 515 τιῦν
1086 470 1173 514 ὑπὸ
1217 474 1293 514 τοῦ
1333 468 1494 525 δρόμου
1535 473 1874 525 συνειλουμένων

230 543 529 590 διεκπαίοντες
568 537 780 597 ἀπείρους
820 537 1026 597 ἀνῄρουν,
1069 537 1195 582 ἄλλοι
1235 539 1281 580 δὲ
1321 536 1479 588 ἄλλους
1518 534 1605 595 ὅπῃ
1641 542 1873 594 τρέποιντο
1905 551 1923 581 5

227 607 507 661 κυκλούμενοι
526 610 597 650 καὶ
629 608 985 664 περιελαύνοντες
1013 606 1316 664 κατηκόντιζον
1347 607 1523 662 ῥαδίως.
1573 608 1644 649 καὶ
1675 614 1768 656 τοῖς
1798 606 1876 660 μὲν

224 672 451 725 Ἰουδαίοις
488 674 536 718 τὸ
578 676 692 718 ’ίδιον
733 677 909 733 πλῆθος
940 673 1098 730 ἐρημία
1128 672 1250 727 παρὰ
1281 673 1360 723 τὰς
1393 669 1634 729 ἀμηχανίας
1664 677 1876 730 κατεφαί-

230 759 345 793 νετο,
389 740 589 796 Ῥωμαῖοι
634 743 679 785 δὲ
725 743 769 785 ἐν
813 751 911 792 ταῖς
956 738 1214 796 εὐπραγίαις
1257 744 1418 796 καίπερ
1462 738 1583 791 ὄντες
1629 736 1771 795 ὀλίγοι
1813 742 1876 795 τῷ

229 811 409 865 πολέμῳ
447 812 519 853 καὶ
559 806 836 865 περισσεύειν
869 812 985 866 σφᾶς
1017 805 1174 858 αὐτούς
1203 805 1527 862 ὑπελάμβανον.
1578 809 1651 850 καὶ
1681 810 1768 849 τῶν
1798 807 1875 860 μὲν

228 878 708 933 προσφιλονεικούντων
746 886 840 926 τοῖς
879 880 1153 929 πταίσμασιν
1193 875 1314 918 αἰδοῖ
1350 891 1397 916 τε
1433 877 1567 931 φυγῆς
1597 878 1772 927 ταχείας
1802 876 1875 916 καὶ
1906 885 1943 917 10

228 945 472 999 μεταβολῆς
511 944 680 991 ελπιδι
720 947 807 987 τῶν
850 944 895 985 δε
925 943 982 1000 μὴ
1014 942 1271 985 κοπιώντων
1302 959 1346 984 εν
1378 941 1444 991 οἷς
1475 938 1696 994 ευτύχοιῃν
1738 941 1876 997 παρέ-

228 1027 365 1054 τεινεν
396 1028 419 1067 η
452 1012 564 1069 μάχη
596 1016 720 1066 μέχρι
752 1013 917 1068 δείλης,
951 1010 1030 1060 ε’ως
1063 1006 1342 1066 ανῃρέθησαν
1373 1027 1451 1063 μεν
1482 1009 1631 1063 μύριοι
1661 1011 1746 1051 τιῦν
1770 1005 1877 1052 Ιου-

231 1079 366 1121 δαίων
409 1077 485 1120 τὸν
532 1074 728 1134 ἀριθμὸν
768 1075 920 1131 ἄνδρες
957 1079 1030 1120 καὶ
1070 1077 1145 1119 δύο
1185 1080 1270 1119 τῶν
1309 1074 1552 1133 ἡγεμόνιον,
1593 1072 1792 1132 Ιωάννης
1830 1092 1877 1117 τε

229 1149 301 1189 καὶ
332 1148 486 1196 Σίλας·
527 1147 568 1188 οἱ
610 1147 761 1188 λοιποὶ
800 1145 846 1186 δὲ·
876 1149 1142 1199 τραυματίαι
1172 1144 1220 1186 τὸ
1254 1146 1388 1186 πλέον
1420 1143 1496 1185 σὺν
1526 1145 1589 1198 τῷ
1618 1145 1877 1198 περιλειπο-

229 1217 345 1269 μένῳ
361 1216 445 1255 τῶν
461 1209 682 1270 ἡγεμόνων
700 1216 855 1267 Νίγερι
871 1215 947 1269 τῆς
960 1208 1206 1266 Ἰδουμαίας
1223 1211 1284 1261 εἰς
1306 1212 1515 1267 πολίχνην
1537 1210 1648 1262 τινά,
1671 1206 1873 1260 Χάαλλις
1904 1219 1939 1251 15

232 1282 447 1331 καλεῖται,
480 1284 731 1335 συνέφυγον.
782 1275 924 1333 ὀλίγοι
956 1279 1002 1320 δέ
1031 1296 1145 1329 τινες
1175 1281 1245 1321 καὶ
1278 1281 1364 1320 τιῦν
1390 1276 1611 1332 Ῥωμαίων
1644 1276 1717 1319 ἐπὶ
1748 1276 1878 1332 τῆσδε

232 1351 308 1405 τῆς
338 1347 627 1400 παρατάξεως
657 1346 927 1402 ἐτρώθησαν.

350 1430 386 1468 3.
434 1424 494 1468 Ού
534 1425 617 1482 μὴν
658 1426 698 1467 οἱ
724 1420 930 1467 Ἰουδαῖοι
966 1424 1198 1481 τηλικαύτῃ
1233 1426 1439 1480 συμφορᾷ
1468 1422 1794 1479 κατεστάλησαν
1824 1419 1878 1462 τὰ

236 1494 507 1548 φρονήματα,
539 1494 705 1546 μᾶλλον
727 1488 767 1534 δ’
795 1488 935 1534 αἰτῶν
960 1491 1006 1533 τὸ
1041 1491 1194 1540 πάθος
1224 1488 1368 1546 ἤγειρε
1397 1489 1476 1540 τὰς
1505 1490 1681 1543 τόλμας,
1714 1486 1879 1542 ὕπερο-

235 1563 393 1615 ριῦντές
414 1577 461 1602 τε
481 1559 582 1609 τούς
613 1559 656 1601 ἐν
687 1561 795 1601 ποσὶ
829 1557 1002 1611 νεκρούς
1033 1557 1307 1608 ἐδελεάζοντο
1339 1566 1432 1606 τοῖς
1462 1561 1695 1612 προτέροις
1724 1572 1880 1611 κατορ-
1910 1566 1947 1598 20

233 1627 440 1681 θώμασιν
466 1626 538 1669 ἐπὶ
573 1626 741 1683 πληγὴν
773 1627 989 1680 δευτέραν.
1043 1624 1322 1673 διαλιπόντες
1354 1627 1455 1679 γοῦν
1487 1621 1581 1666 οὐδ’
1616 1619 1719 1666 ὅσον
1752 1622 1880 1665 ἰάσα-

235 1698 347 1737 σθαι
386 1694 440 1736 τὰ
478 1694 707 1748 τραύματα
745 1694 817 1735 καὶ
858 1691 935 1747 τὴν
974 1691 1155 1745 δύναμιν
1191 1694 1340 1733 πᾶσαν
1373 1691 1731 1741 ἐπισυλλέξαντες
1761 1686 1881 1746 ὄργι-

346 1883 574 1917 PAMLVRC
585 1883 882 1927 LatHegesippus
906 1882 960 1916 111
984 1886 1005 1916 4
1029 1893 1062 1926 p.
1092 1885 1164 1916 178.

350 1954 362 1984 1
391 1947 497 1991 πολὺ]
521 1946 642 1985 πλατὺ
662 1949 813 1991 miazi)-
836 1950 874 1991 C)
896 1950 990 1984 VRC
1012 1950 1191 1995 plurimus
1213 1949 1283 1983 Lat
1404 1951 1422 1981 2
1449 1954 1533 1983 τοῖσ
1557 1948 1739 1994 ῥωμαίων
1761 1948 1794 1983 R

235 2010 255 2040 4
278 2010 394 2042 xcxi*
412 2010 430 2040 5
460 2002 636 2051 ἀνῄρουν]
668 2009 702 2040 et
730 2017 821 2050 quos
853 2010 1087 2051 occupassent
1118 2005 1299 2040 curriculo
1332 2004 1577 2049 transfigendo
1603 2004 1761 2048 infinitos
1781 2015 1883 2049 pere-

233 2065 374 2097 merunt
397 2062 467 2096 Lat
558 2062 842 2106 συνειλουμένου
866 2061 892 2095 C
969 2066 987 2096 5
1014 2063 1291 2102 διεκπαίοντεσ,
1323 2061 1386 2095 αιό
1419 2059 1440 2093 i.
1473 2069 1543 2093 ras.
1575 2059 1709 2094 minore
1733 2060 1765 2094 V
1793 2063 1883 2096 διεκ-

236 2115 422 2154 πεσόντεσ
454 2120 495 2157 (s.
531 2118 570 2160 P)
599 2118 661 2152 PA
777 2112 867 2154 ὅποι
899 2117 929 2150 L
1045 2121 1064 2152 6
1097 2115 1415 2164 περιελαύνοντες]
1448 2116 1676 2160 eoeaqitcmtes
1703 2117 1772 2150 Lat

235 2177 254 2206 S
280 2172 469 2219 ῥωμαίοισ
493 2173 540 2209 V²
654 2174 692 2210 δὲ
721 2173 772 2214 ἐν]
807 2171 839 2208 δ’
873 2172 914 2208 ἐν
938 2173 967 2207 L
998 2174 1035 2210 δὲ
1058 2173 1124 2208 VR
1239 2170 1344 2214 ὄντες
1372 2182 1439 2206 om.
1466 2172 1528 2206 PA
1641 2175 1695 2219 τῷ
1721 2171 1883 2218 πολέμῳ]

235 2232 312 2264 τῶν
335 2230 528 2273 πολεμίων
551 2229 659 2264 Niese
768 2233 806 2263 10
833 2229 941 2271 αἰδοῖ]
967 2229 1096 2265 αἰδοῦσ
1120 2229 1148 2263 Ρ
1173 2228 1286 2269 αἰδοῖ,
1314 2235 1351 2264 οῖ
1374 2239 1417 2262 ex
1443 2226 1511 2263 οὺσ
1535 2228 1605 2263 uid.
1633 2239 1723 2263 corr.
1749 2229 1781 2262 A

240 2333 275 2364 11
291 2298 469 2376 ιτῖεβολῆσ
484 2330 520 2383 A,
607 2327 824 2365 κοπιόντων
842 2329 868 2363 Ρ
962 2331 1002 2363 12
1026 2329 1094 2372 μὲν
1119 2339 1185 2363 om.
1203 2329 1230 2362 P
1322 2327 1446 2374 μύριοι
1471 2326 1540 2364 τὸν
1565 2325 1731 2375 οἷριθμὸν
1754 2326 1886 2375 ἄνδρες

238 2386 380 2424 (omisso
412 2388 490 2421 τῶν
515 2387 709 2427 Ιουδαίων)
733 2385 922 2420 Holwerda
949 2396 985 2429 p.
1011 2388 1053 2420 26
1188 2383 1313 2430 μύριοι
1345 2387 1420 2420 τῶν
1445 2384 1514 2420 τὸν
1537 2381 1703 2431 α’ριθμὸν
1726 2385 1884 2420 ἰουδαῖοι

239 2440 376 2489 οἳνδρεσ
391 2445 436 2477 tr.
456 2441 482 2475 C
546 2445 585 2476 13
603 2439 673 2478 τὸν
689 2452 756 2476 om.
773 2441 945 2476 AMLVR
1006 2439 1136 2487 ἄνδρες
1153 2451 1220 2475 om.
1239 2441 1267 2474 P
1328 2437 1543 2486 ἡγουμένων
1559 2441 1589 2475 L
1650 2454 1692 2477 τε
1714 2451 1781 2476 om.
1801 2440 1827 2475 C

244 2501 283 2531 14
308 2498 627 2544 περιλειπομένων
651 2499 698 2531 A¹
771 2501 809 2532 15
837 2494 1014 2538 Χάαλλις]
1038 2494 1212 2542 χαάλλισ,
1238 2510 1259 2532 σ
1285 2507 1312 2531 s.
1330 2498 1363 2531 A
1384 2495 1521 2542 χαάλισ
1545 2500 1581 2532 et
1604 2497 1626 2531 i.
1652 2507 1760 2540 marg.
1786 2490 1886 2542 εὓρη-

240 2567 300 2588 ται
333 2551 465 2590 σάλλισ
497 2554 534 2587 Μ
567 2551 697 2589 σάλλισ
728 2553 821 2588 LRC
851 2549 872 2599 ἢ
903 2550 1032 2589 σάλλισ
1064 2553 1095 2587 V
1124 2551 1249 2586 challis
1281 2552 1350 2586 Lat
1488 2556 1528 2587 18
1559 2552 1594 2589 οἳ
1623 2564 1690 2588 om.
1723 2553 1752 2587 L

244 2611 283 2642 19
315 2608 352 2644 δὲ
377 2609 500 2643 PVRC
591 2609 729 2651 πάθος]
760 2612 910 2654 πλῆθοσ
934 2609 962 2642 L
1053 2604 1315 2653 ὑπερορῶντες
1341 2629 1381 2632 -
1407 2611 1448 2642 20
1478 2610 1582 2650 ποσὶ]
1614 2613 1647 2643 et
1675 2609 1888 2643 conicientes

242 2670 413 2709 quantum
439 2668 521 2700 ante
542 2665 652 2710 pedes
675 2670 895 2699 mortuorum
918 2665 1050 2699 iaceret
1065 2664 1135 2698 Lat
1204 2665 1244 2697 20
1270 2666 1322 2704 τε]
1349 2664 1387 2699 δὲ
1411 2664 1440 2697 L
1509 2662 1769 2708 ἐδελεάζοντο,
1801 2667 1821 2699 λ
1844 2651 1887 2698 ἐκ

242 2733 265 2754 α
304 2730 396 2754 corr.
430 2721 460 2754 L
598 2721 810 2768 προτέροις]
848 2719 1164 2767 προγενεστέροισ
1193 2719 1294 2754 ΡΑΜ
1330 2719 1423 2754 unde
1458 2719 1793 2766 προγεγενημένοις
1826 2721 1890 2754 aut

241 2775 353 2809 simile
386 2776 577 2810 coniecerit
607 2777 732 2820 aliquis
869 2779 908 2811 21
942 2775 1133 2820 δευτέραν,
1169 2778 1229 2810 &fv
1258 2776 1280 2808 i.
1313 2785 1383 2810 ras.
1415 2776 1486 2811 uid.
1517 2778 1548 2808 A
1684 2772 1888 2810 διαλειπόν-

241 2843 306 2866 τεσ
330 2831 357 2865 C
487 2827 581 2874 οὐδ’]
617 2829 683 2878 οὐχ
708 2833 736 2866 P
765 2829 849 2869 οὐδὲ
872 2832 966 2867 VRC
1095 2831 1223 2868 ἰᾶσθαι
1249 2831 1314 2866 VR
1444 2827 1707 2878 ὀργιλώτερον]
1734 2828 1887 2877 ὀργιλώ-

241 2900 343 2932 τεροι
367 2886 460 2921 VRO
