2018 3236
96 738 177 776 254

97 1074 178 1112 255

99 1208 180 1247 256

100 1409 180 1447 257

101 1678 183 1718 258

208 153 287 189 308
580 153 644 186 DE
671 151 829 186 BELLO
854 151 949 186 lUD.
975 151 1027 184 III
1054 153 1230 185 251—258
1254 152 1313 190 (vn
1341 154 1484 194 23—25)

209 264 420 318 νιζόλιιενοι
459 268 667 318 γενναίως
698 263 880 313 ἔπεσον,
919 264 1123 305 πλεῖστοι
1156 258 1196 304 δ’)
1233 262 1427 317 ἐγένοντο
1458 266 1748 316 τραυματίαι,
1787 267 1858 307 καὶ

207 332 334 386 μόλις
382 332 484 385 περὶ
531 329 607 386 τὴν
647 329 841 386 ἑωθινὴν
881 329 1076 386 φυλακην
1116 328 1320 372 ἐνδίδωσι
1358 337 1451 379 τοῖς
1492 329 1771 386 μηχανήμασι
1808 330 1856 373 τὸ

209 408 348 450 τεῖχος
370 394 669 446 ἀδιαλείπτως
688 397 982 450 τυπτόμενον·
1015 397 1056 439 οἷ
1080 397 1126 438 δὲ
1158 396 1432 453 φραξάμενοι
1461 405 1554 446 τοῖς
1585 396 1758 450 σώμασι
1787 398 1860 439 καὶ

207 475 299 515 τοῖς
320 465 478 514 ὅπλοις
498 463 546 505 τὸ
576 464 882 519 καταρριφθὲν
913 464 1233 519 α’ντωχύρωσαν
1264 466 1368 519 πρὶν
1397 464 1619 521 βληθῆναι
1650 462 1729 513 τὰς
1762 462 1860 506 ἑπι-

207 536 441 589 βατηρίους
470 528 556 573 ὑπὸ
591 534 677 574 τῶν
705 529 930 584 Ῥωμαίων
959 531 1166 587 μηχανάς.

322 603 388 642 24.
430 598 534 641 Ὑπὸ
583 599 629 640 δὲ
667 598 743 655 τὴν
786 597 841 640 ἕω
888 593 1226 648 Οὐεσπασιανὸς
1267 597 1342 640 ἐπὶ
1382 597 1458 655 τὴν
1496 597 1745 654 κατάληψιν
1784 601 1862 654 τῆς

210 667 382 716 πόλεως
422 669 599 723 συνῆγεν
638 665 716 723 τὴν
759 665 969 720 στρατιὰν
1008 661 1156 720 ὀλίγον
1197 661 1285 707 ἀπὸ
1326 667 1404 707 τοῦ
1446 668 1690 719 νυκτερινοῦ
1720 665 1859 708 πόνου

211 733 529 782 διαναπαύσας.
579 733 844 787 βουλόμενος
867 729 905 774 δ’
935 729 1024 775 άπὸ
1047 734 1551 789 τιῦνκαταρριφθέντων
1583 732 1862 787 περισπάσαι

206 802 306 851 τοι-ς
328 801 551 856 εἴργοντας
571 800 672 850 τοὺς
695 801 774 853 μὲν
805 799 1138 854 γενναιοτάτοις
1168 802 1255 841 τῶν
1289 799 1463 841 ἱππέων
1497 795 1728 856 ἀποβήσας
1760 799 1862 856 [τιῦν

207 867 378 925 ἵππων]
409 871 531 925 τριχῇ
564 868 758 918 διέταξεν
790 866 897 909 κατὰ
931 866 984 909 τὰ
1015 867 1285 909 πεπτωκότα
1316 869 1392 908 τοῦ
1423 871 1602 920 τείχους,
1635 867 1863 910 πάντοθεν

209 939 544 992 πεφραγμένους
565 945 658 985 τοῖς
680 931 838 984 ὅπλοις
859 936 931 976 καὶ
959 934 1060 985 τοὺς
1091 933 1269 984 κοντοὺς
1299 937 1604 990 προΐσχοντας,
1637 932 1695 985 ὥς
1725 932 1864 978 ὁπότε

208 1003 287 1053 τὰς
342 1003 655 1060 ἐπιβατηρίους
707 1002 912 1057 βάλλοιεν
963 1001 1159 1060 μηχανὰς
1211 1001 1495 1056 κατάρχοιντο
1545 1004 1621 1057 τῆς
1667 1001 1861 1044 εἰσόδου·

210 1071 397 1113 κατόπιν
421 1071 466 1113 δὲ
497 1070 638 1112 αὐτῶν
670 1069 818 1120 ἔταξεν
849 1071 927 1111 τοῦ
958 1069 1091 1120 πεζοῦ
1121 1067 1169 1111 τὸ
1204 1064 1513 1123 ἀκμαιότατον,
1545 1068 1594 1111 τὸ
1628 1069 1674 1112 δὲ
1705 1068 1863 1112 λοιπὸν

213 1138 398 1181 ἱππικὸν
431 1134 833 1191 ἀντιπαρεξέτεινεν
864 1139 926 1192 sq]
956 1141 1089 1189 τείχει
1119 1134 1228 1178 κατὰ
1259 1139 1409 1178 πᾶσαν
1440 1134 1517 1192 τὴν
1548 1132 1719 1192 ὀρεινὴν
1752 1135 1865 1189 πρὸς

210 1205 258 1248 τὸ
282 1206 445 1262 μηδένα
475 1207 561 1247 τιῦν
593 1200 929 1261 ἀναφευγόντων
960 1203 1003 1246 ἐκ
1033 1206 1109 1260 τῆς
1141 1200 1347 1253 ἁλώσεως
1379 1203 1626 1246 διαλαθεῖν.
1677 1204 1865 1247 κατόπιν

212 1274 257 1316 δὲ
278 1273 443 1315 τούτων
465 1275 751 1329 περιέστησεν
772 1272 873 1322 τοὺς
901 1272 1086 1323 τοξότας
1116 1271 1226 1324 ἔχειν
1256 1267 1459 1320 κελεύσας
1491 1270 1645 1325 ἕτοιμα
1675 1270 1729 1314 τὰ
1759 1272 1863 1328 βέλη

212 1341 324 1395 πρὸς
356 1337 534 1396 ἄφεσιν,
567 1337 732 1393 ὁμοίως
763 1340 809 1382 δὲ
840 1341 911 1382 καὶ
944 1338 1242 1395 σφενδονήτας
1272 1340 1343 1381 καὶ
1373 1338 1474 1387 τοὺς
1505 1337 1577 1380 ἐπὶ
1610 1341 1696 1381 τῶν
1726 1355 1865 1396 μηχα-

213 1407 436 1465 νημάτων,
477 1407 649 1462 ἑτέρους
689 1407 735 1449 δὲ
773 1408 985 1461 κλίμακας
1016 1402 1258 1461 άραμένους
1289 1408 1559 1462 προσφέρειν
1591 1405 1741 1450 ἐπάνω
1772 1415 1866 1455 τοῖς

213 1472 436 1530 ἀκεραίοις
473 1478 679 1527 τείχεσιν,
718 1473 778 1516 ἵν’
822 1475 864 1516 οἱ
903 1475 981 1527 μὲν
1015 1473 1195 1522 τούτους
1224 1472 1405 1515 κωλύειν
1436 1473 1702 1527 πειρώμενοι
1731 1490 1866 1515 κατα-

215 1545 388 1585 λίποιεν
426 1540 503 1599 τὴν
543 1541 617 1583 ἐπὶ
655 1550 749 1591 τοῖς
787 1545 1158 1597 καταρριφθεῖσιν
1189 1540 1405 1597 φυλακήν,
1445 1540 1487 1582 οἷ
1518 1541 1671 1585 λοιποὶ
1704 1542 1750 1584 δὲ
1780 1537 1860 1584 ὑπ’

216 1606 397 1665 ἀθρόων
427 1609 681 1663 βιαζόμενοι
711 1610 799 1650 τιῦν
829 1609 969 1662 βελῶν
1000 1608 1176 1658 εἴξωσιν
1206 1609 1282 1664 τῆς
1314 1606 1501 1649 εἰσόδου.

328 1681 394 1719 25.
428 1672 640 1732 Ἰώσηπος
678 1676 724 1717 δὲ
763 1676 925 1724 συνιεὶς
962 1673 1038 1732 τὴν
1077 1675 1277 1718 ἐπίνοιαν
1317 1674 1393 1717 ἐπὶ
1432 1675 1510 1728 μὲν
1547 1677 1623 1718 τοῦ
1661 1678 1867 1728 μένοντος

215 1748 382 1797 τείχους
420 1742 496 1786 σὺν
525 1752 619 1793 τοῖς
648 1742 904 1799 κεκμηκόσιν
934 1742 1082 1797 ἵστησι
1113 1741 1215 1791 τους
1243 1741 1450 1797 γηραιοὺς
1480 1740 1539 1791 ὡς
1568 1742 1702 1798 μηδὲν
1732 1741 1865 1798 ταύτῃ

327 1875 810 1912 PAMLVRCLatMathem.
836 1880 907 1909 uet.
934 1886 967 1918 p.
995 1877 1071 1909 324.

330 1971 343 2001 1
372 1967 410 2002 δὲ
433 1965 500 2001 VR
591 1944 796 2012 τρὲματίαι
820 1964 852 1996 Α
928 1967 947 1998 2
971 1961 1230 2009 μηχανήμασι·
1259 1965 1291 1997 Α
1383 1966 1402 1997 3
1428 1969 1507 2004 τοῖς
1532 1960 1678 2007 σώμασι
1702 1966 1765 1998 καὶ
1789 1971 1869 2006 τοῖς

218 2017 361 2064 ὅπλοις]
387 2022 598 2056 PAMLLat
627 2028 712 2057 τοῖσ
747 2018 894 2065 σώμασι
926 2023 989 2055 καὶ
1020 2025 1104 2055 τοῖσ
1137 2015 1312 2054 ὃπλίταισ
1336 2018 1402 2053 VR
1433 2024 1518 2053 τοῖσ
1543 2025 1775 2062 σωματικοῖσ
1806 2023 1869 2056 καὶ

217 2086 301 2115 τοῖσ
327 2073 463 2114 ὅπλοισ
488 2077 513 2111 C
539 2077 585 2114 τὰ
611 2075 768 2121 σώματα
794 2083 873 2118 τοῖς
907 2070 1038 2117 ὅπλοις
1062 2075 1210 2109 Hudson
1242 2084 1284 2108 ex
1317 2075 1394 2108 cod.
1421 2074 1591 2108 Rostoch.
1617 2076 1653 2109 et
1676 2075 1777 2110 Bodl.

217 2139 237 2169 4
254 2135 526 2180 καταρριφθὲν,
551 2134 651 2177 prius
670 2148 691 2180 ρ
706 2134 729 2167 i.
748 2143 819 2168 ras.
838 2133 868 2166 L
885 2131 1121 2177 καταριφθὲν
1136 2130 1231 2165 VRC
1248 2130 1499 2175 κατερειφθὲν
1518 2129 1602 2164 fort.
1627 2131 1869 2175 reponendum

218 2191 448 2234 similiterque
479 2201 514 2224 u.
547 2192 565 2223 8
596 2193 631 2224 et
663 2193 704 2224 20
843 2187 1110 2235 ἐπιβατηρίασ,
1142 2200 1164 2222 α
1190 2190 1273 2220 ante
1297 2199 1319 2222 σ
1344 2186 1518 2230 repictum
1543 2187 1575 2219 A
1713 2189 1731 2220 6
1755 2185 1868 2223 κατά-

220 2251 341 2292 λειψιν
359 2246 385 2280 C
501 2248 518 2278 7
544 2248 712 2291 συνῆγεν]
738 2246 808 2279 iam
833 2244 985 2279 ducebat
999 2243 1068 2277 Lat
1181 2238 1373 2288 στρατιὰν,
1398 2254 1468 2287 τρα
1492 2251 1536 2275 ex
1561 2255 1584 2276 α
1611 2252 1701 2276 corr.
1725 2242 1758 2276 R

223 2298 354 2348 ὀλίγου
386 2301 412 2335 C
573 2304 592 2335 8
627 2301 664 2337 δὲ
695 2300 789 2336 VRC
952 2298 1266 2345 καταριφθέντων
1300 2297 1394 2333 VRC
1552 2300 1571 2331 9
1609 2301 1691 2342 post
1728 2296 1869 2345 εἴργον-

220 2371 287 2399 τας
310 2359 474 2392 lacunam
491 2357 617 2391 statuit
633 2357 807 2392 Destinon
921 2360 997 2392 τῶν
1010 2354 1139 2392 ἵππων
1156 2351 1361 2401 οἷποβήσασ
1385 2357 1428 2388 tr.
1446 2353 1485 2395 P,
1511 2362 1620 2397 quare
1644 2357 1721 2390 τῶν
1742 2353 1870 2391 ἵππων

223 2447 368 2482 seclusit
389 2446 563 2480 Destinon
681 2449 721 2480 10
754 2446 813 2487 τά]
843 2456 910 2481 om.
937 2446 1030 2481 R¹C¹
1055 2424 1121 2492 {2⁶22
1144 2454 1185 2484 (S.
1210 2456 1253 2479 m.
1281 2446 1312 2485 2)
1336 2444 1369 2477 V
1487 2445 1525 2476 12
1549 2441 1705 2489 βάλοιεν
1728 2443 1759 2477 V

222 2502 452 2548 κατάρχοιτο
479 2501 504 2535 C
622 2505 663 2537 14
694 2500 1045 2548 ἀντεπαρεξέτεινεν
1073 2506 1141 2544 (-νε
1165 2501 1216 2541 Μ)
1241 2500 1308 2534 ΡΜ
1332 2503 1368 2534 et
1390 2503 1430 2533 ut
1453 2499 1523 2533 uid.
1550 2500 1598 2532 A¹
1713 2496 1870 2545 ὀρεινὴν,

224 2571 278 2594 ειν
302 2559 324 2592 i.
349 2568 420 2592 ras.
446 2568 490 2592 m.
518 2560 537 2592 3
555 2557 585 2591 V
681 2561 719 2592 15
745 2561 833 2599 τῶν]
859 2558 928 2594 τὸν
948 2559 973 2593 C
1083 2561 1124 2594 16
1150 2556 1294 2594 τούτων
1317 2555 1452 2600 pedites
1477 2555 1669 2598 significari
1693 2555 1872 2591 existimat

224 2618 260 2647 et
285 2613 395 2647 uerba
420 2615 460 2647 13
486 2612 531 2648 τὸ
558 2613 650 2649 δὲ-
668 2617 708 2648 15
734 2616 926 2650 διαλαθεῖν
949 2626 984 2649 u.
1013 2618 1052 2650 18
1077 2618 1159 2659 post
1182 2609 1458 2659 μηχανημάτων
1480 2612 1645 2655 ponenda
1668 2621 1746 2646 esse
1770 2616 1872 2655 putat

224 2669 400 2704 Destinon
491 2668 702 2714 παρέστησε
726 2669 758 2703 V
854 2674 891 2704 17
920 2671 1171 2716 σφενδονίτασ
1194 2670 1225 2702 Α
1250 2664 1506 2714 σφενδονητὰσ
1529 2666 1610 2700 L¹R
1705 2670 1744 2702 19
1769 2664 1872 2704 ἄκαι-

227 2723 331 2770 ρέοισ
354 2724 398 2757 P¹
423 2722 640 2769 ἀκαιραίοισ
663 2724 740 2759 V¹C
843 2723 906 2761 ἵνα
930 2726 1028 2760 LVR
1131 2722 1285 2761 τούτοισ
1307 2723 1354 2758 L¹
1378 2720 1444 2759 τού
1463 2742 1470 2749 ·
1490 2742 1496 2748 ·
1513 2735 1603 2758 τουσ
1628 2723 1659 2758 V
1760 2738 1873 2760 κατα·

226 2780 394 2815 λείποιεν
410 2779 556 2814 P¹AVR
692 2783 733 2814 20
758 2786 1048 2827 καταριφθεῖσιν
1072 2782 1134 2816 PA
1156 2783 1441 2827 καταρειφθεῖσι
1465 2778 1511 2812 L¹
1648 2775 1684 2815 δ’
1709 2780 1738 2814 L

223 2833 298 2871 ὑπὸ
337 2835 376 2868 Μ
511 2838 552 2869 22
597 2838 721 2872 συνεὶσ
755 2836 889 2871 MVRC
1029 2840 1071 2872 23
1113 2836 1181 2873 σὺν
1223 2842 1307 2872 τοῖσ
1347 2833 1549 2880 κεκμηκόσι
1585 2845 1614 2870 s,
1651 2835 1679 2869 P
1814 2849 1873 2882 γε·

227 2887 359 2937 ραιοὺσ
383 2893 415 2926 Α

1891 541 1911 572 5

1893 876 1930 908 10

1896 1211 1933 1244 15

1896 1547 1933 1580 20
