2039 3251
25 1858 61 1890 10

556 149 620 182 DE
643 149 802 183 BELLO
828 149 921 184 IUD.
948 149 998 184 111
1029 153 1111 183 1—-1
1137 154 1159 188 (Ι
1191 156 1216 183 1.
1246 156 1276 191 2)

1668 150 1717 185 “i

1725 151 1747 185 κ

879 868 961 921 ΙΙΙ.

93 1017 383 1065 Φλαυίου
420 1013 729 1077 Ἰωσήπου
767 1012 1021 1075 ἱστορία
1068 1013 1436 1060 Ἰουδαϊκοῦ
1477 1016 1747 1074 πολέμου

463 1093 614 1155 πρὸς
644 1092 985 1153 Ῥωμαίους
1019 1092 1278 1154 βιβλίον
1313 1090 1371 1156 γ’.

205 1245 236 1285 Ι.
272 1248 306 1284 1.
338 1244 511 1294 Νέρωνι
543 1236 582 1282 δ)
618 1237 677 1290 (ὗς
706 1235 860 1297 ἠγγέλη
892 1238 946 1281 τα
980 1238 1091 1281 κατὰ
1123 1238 1200 1296 τὴν
1226 1235 1440 1281 Ἰουδαίαν
1474 1242 1747 1292 πταίσματα,

95 1312 307 1366 λεληθυῖα
346 1310 424 1363 μὲν
463 1305 522 1358 ὠς
562 1306 675 1357 εἰκὸς
713 1307 918 1364 ἔκπληξις
957 1305 1173 1361 ἐμπίπτει
1204 1307 1277 1348 καὶ
1309 1306 1426 1357 δέος,
1469 1308 1670 1361 φανερῶς
1701 1306 1747 1348 δὲ

96 1375 365 1434 ὑπερηφάνει
403 1378 473 1418 καὶ
514 1375 861 1430 προσωργίζετο,
904 1376 1155 1429 στρατηγῶν
1186 1374 1263 1427 μὲν
1295 1372 1494 1429 ῥαστώνῃ
1525 1375 1692 1427 μᾶλλον
1727 1367 1750 1429 ἢ

92 1455 190 1495 ταῖς
210 1447 295 1488 τῶν
318 1445 542 1497 πολεμίων
573 1439 751 1496 ἀρεταῖς
781 1445 1003 1498 γεγονέναι
1033 1441 1087 1484 τὰ
1120 1441 1347 1495 συμβάντα
1379 1442 1527 1496 λέγων,
1558 1443 1748 1495 πρέπειν

94 1510 134 1554 δ’
160 1512 394 1571 ἡγούμενος
416 1510 555 1566 ἑαυτῷ
579 1510 652 1553 διὰ
673 1509 749 1553 τὸν
781 1507 908 1565 ὄγκον
938 1512 1014 1565 τῆς
1043 1507 1277 1566 ἡγεμονίας
1306 1508 1748 1563 κατασοβαρεύεσθαι

92 1583 177 1623 τῶν
199 1581 480 1634 σκυθρωπῶν
504 1580 573 1620 καὶ
609 1579 750 1620 δοκεῖν
782 1578 927 1620 δεινοῦ
958 1576 1127 1627 παντὸς
1159 1576 1309 1618 ἐπάνω
1339 1575 1417 1632 τὴν
1450 1575 1591 1631 ψυχὴν
1623 1575 1747 1629 ἔχειν.

92 1647 331 1705 διηλέγχετό
353 1663 401 1702 γε
421 1646 505 1703 μὴν
527 1643 548 1688 ὁ
573 1649 650 1702 τῆς
671 1648 811 1702 ψυχῆς
832 1645 1028 1700 θόρυβος
1049 1642 1136 1687 ὑπὸ
1159 1647 1246 1687 τῶν
1269 1644 1518 1699 φροντίδων
1556 1647 1595 1686 2.
1619 1659 1749 1686 σκεπ-

91 1718 273 1769 τομένου
312 1718 400 1757 τίνι
438 1713 667 1756 πιστεύσει
698 1716 952 1770 κινουμένην
983 1711 1060 1770 τὴν
1092 1709 1329 1769 ἀνατολήν,
1371 1711 1420 1762 ὃς
1448 1711 1749 1768 τιμωρήσεται

90 1782 168 1835 μὲν
190 1781 267 1839 τὴν
288 1784 375 1824 τῶν
391 1777 614 1825 Ἰουδαίων
637 1781 952 1834 ἐπανάστασιν,
984 1779 1381 1837 προκαταλήψεται
1410 1774 1452 1821 δ’
1489 1774 1638 1829 αὐτοῖς
1667 1775 1748 1835 ἤδη

90 1851 161 1892 καὶ
183 1848 238 1891 τὰ
259 1849 393 1905 πέριξ
411 1850 519 1905 ἔθνη
544 1851 851 1892 συννοσοῦντα.
901 1848 1036 1902 μόνον
1068 1846 1256 1902 εὑρίσκει
1285 1843 1623 1890 Οὐεσπασιανὸν
1653 1855 1752 1896 ταῖς

88 1921 256 1972 χρείαις
277 1912 576 1972 ἀναλογοῦντα
606 1918 678 1959 καὶ
708 1916 966 1973 τηλικούτου
996 1917 1193 1970 πολέμου
1224 1919 1414 1970 μέγεθος
1446 1910 1750 1964 ἀναδέξασθαι

94 1984 352 2038 δυνάμενον,
393 1982 530 2040 ἄνδρα
565 1993 662 2034 ταῖς
694 1979 783 2026 ἀπὸ
818 1980 1022 2041 νεότητος
1053 1989 1303 2037 στρατείαις
1334 1981 1648 2039 ἐγγεγηρακότα
1677 1983 1750 2023 καὶ

205 2161 435 2198 PAMLVRC
445 2162 747 2208 LatHegesippus
771 2163 823 2198 111
850 2166 866 2198 1
893 2174 927 2207 p.
957 2165 1031 2197 169.

205 2217 362 2253 Titulus:
410 2219 568 2264 φλαυίου
613 2218 782 2266 ἰωσήπου
825 2220 1017 2265 ἰουδαϊκῆσ
1056 2218 1233 2264 ἱστορίασ
1272 2218 1423 2264 βιβλίον
1462 2220 1484 2260 γ
1524 2215 1551 2248 P
1592 2213 1750 2259 φλαυΐου

92 2271 261 2318 ἰωσήπου
277 2287 363 2318 περι
381 2271 564 2311 ἁλώσεωσ
581 2276 774 2322 ιὀυδαϊκῆσ
791 2276 966 2322 ἳστορίασ
985 2272 1105 2321 λόγοσ
1129 2278 1151 2319 γ
1164 2275 1197 2307 Α
1221 2272 1380 2318 φλαυΐου
1405 2271 1574 2317 ἰωσηπου
1598 2268 1752 2314 ὲβραίου

95 2332 179 2375 περὶ
211 2326 393 2366 ἁλώσεωσ
426 2332 616 2378 ἰουδαϊκῆσ
647 2332 819 2377 ἓστορίασ
850 2336 969 2378 λογοσ
1001 2332 1135 2377 τρίτοσ
1167 2330 1205 2364 Μ
1236 2332 1304 2365 τοῦ
1337 2324 1452 2364 αὐτοῦ
1485 2328 1637 2374 βιβλίον
1667 2331 1691 2372 γ
1721 2326 1751 2360 L

96 2381 264 2432 ἰωσήπου
298 2390 383 2434 περὶ
420 2383 603 2424 ἁλώσεωσ
639 2386 758 2435 λόγοσ
788 2389 921 2433 τρίτοσ
951 2388 1017 2423 VR
1049 2386 1208 2432 φλαυΐου
1242 2382 1411 2429 ἷωσήπου
1443 2383 1633 2428 ἰουδαϊκῆσ
1666 2395 1750 2428 περι

97 2439 278 2479 ἁλώσεωσ
307 2441 427 2490 λόγοσ
459 2445 485 2490 27
512 2445 537 2479 C
657 2448 670 2479 1
705 2445 743 2481 δὲ
766 2445 799 2480 V
914 2440 1058 2490 η’γγέλει
1084 2446 1116 2478 Α
1146 2439 1301 2489 ἧγγὲλλη
1325 2440 1386 2475 VC
1503 2443 1521 2474 2
1546 2435 1583 2474 δ’
1609 2439 1638 2472 L

99 2501 117 2532 3
134 2502 411 2547 προσοργίζετο
430 2500 506 2534 LC¹
599 2504 811 2548 στρατηγοῦ
828 2500 1068 2535 MLVRCLat
1158 2499 1227 2543 μὲν
1251 2508 1319 2532 om.
1337 2497 1370 2531 R
1464 2500 1482 2530 5
1508 2496 1545 2531 δὲ
1566 2495 1661 2530 VRC

98 2552 229 2603 ἑαυτῷ]
263 2552 363 2592 αὗτιῦ
396 2557 462 2591 VR
494 2552 612 2593 αὐτὸν
644 2558 670 2592 O
703 2553 806 2605 αὑτῷ
836 2556 990 2591 Dindorf
1128 2559 1144 2589 7
1176 2555 1398 2601 διειλέγχετο
1425 2554 1457 2586 Α
1594 2563 1753 2586 σκεπτο-

97 2610 224 2654 μένου]
254 2611 526 2648 PAMLVRLat
563 2617 597 2648 et
633 2616 673 2647 ut
708 2613 780 2648 uid.
811 2612 889 2656 Heg
925 2610 1189 2656 σκεπτόμενοσ
1225 2612 1263 2648 δὲ
1296 2611 1322 2644 C
1461 2611 1480 2643 S
1513 2604 1690 2652 πιστεὺση
1722 2605 1752 2640 L

277 2678 296 2702 ε

101 2697 288 2736 πιστεύσει
312 2701 345 2735 V
368 2699 576 2738 πιστεύσειε
600 2702 662 2737 Rc
755 2706 774 2737 9
798 2703 867 2746 μὲν
891 2712 917 2736 S.
942 2702 972 2736 L
1066 2705 1143 2738 τῶν
1167 2712 1234 2736 om.
1260 2698 1428 2736 AMLRC
1529 2697 1567 2733 δὲ
1592 2695 1685 2730 VRC

106 2791 144 2822 10
169 2771 401 2826 συῖοσοῦντα
419 2791 450 2824 Α
518 2790 652 2836 μόνον]
670 2789 792 2836 μόνον
810 2786 877 2828 οὖν
893 2791 1004 2827 MLat
1020 2795 1057 2826 et
1073 2802 1116 2826 ex
1140 2801 1232 2826 corr.
1252 2791 1283 2824 A
1297 2790 1382 2825 fort.
1405 2790 1514 2828 recte,
1538 2787 1607 2822 nisi
1631 2783 1753 2830 μόνον

105 2839 139 2877 δ’
170 2845 280 2879 mauis
375 2849 414 2881 12
447 2847 669 2891 δυναμένον,
698 2851 719 2884 δ
740 2848 763 2882 i.
788 2858 859 2883 ras.
884 2849 916 2881 A
1008 2844 1200 2893 νεώτητοσ
1223 2847 1258 2880 A
1349 2849 1546 2890 στρατιαῖσ
1570 2841 1754 2877 PMRCV²

104 2905 332 2944 στρατειαῖσ,
357 2914 388 2936 ει
413 2911 456 2935 ex
480 2917 491 2936 ι
516 2913 608 2937 corr.
633 2903 665 2936 A
689 2906 873 2948 στρατιᾶσ
897 2904 945 2938 V¹
970 2903 1070 2938 bellis
1094 2902 1164 2936 Lat
1188 2903 1337 2937 militiae
1361 2901 1438 2944 Heg

172 2959 310 2994 Iosephus
327 2961 379 2989 VI.
1443 2959 1482 2991 18

1781 1381 1805 1419 [Φ
