2039 3282
856 191 1048 225 Praefatio.
1663 190 1782 223 XXIX

117 302 251 362 ἀρχὴν
271 310 309 357 ¹),
349 320 525 361 quorum
548 307 725 349 alterum
758 307 847 348 sine
880 305 1007 347 dubio
1040 318 1092 346 cx
1115 305 1305 358 margine
1329 305 1514 358 inrepsit.
1569 304 1779 347 similiter-

118 388 200 429 que
231 375 374 428 paullo
407 375 515 416 infra
546 388 584 416 u.
621 376 669 415 18
702 371 754 413 τὰ
789 368 896 425 ι’ἱκρα
929 371 1101 425 πρέμνα
1131 372 1282 414 uitiosc
1314 373 1508 426 leguntur
1540 372 1581 413 in
1614 372 1780 424 PAML,

116 444 270 484 rectius
313 443 484 495 πρέμνα
524 442 566 483 in
598 441 736 495 VC2);
777 436 886 493 ἄκρα
919 445 960 482 et
991 441 1031 481 in
1064 440 1253 492 margine
1286 441 1458 492 πρέμνα
1492 439 1619 481 habet
1648 439 1708 491 N,
1743 444 1783 480 et

118 509 231 551 idem
248 509 334 551 fere
353 510 584 552 communis
602 510 821 551 meliorum
837 508 1028 550 codicum
1046 511 1190 548 auctor
1210 506 1407 549 habuisse
1426 507 1604 548 uidetur.
1638 506 1782 560 paullo

117 576 225 618 infra
256 590 295 630 p.
320 579 385 631 49,
411 580 460 618 16
482 577 583 618 ferri
605 577 678 618 uix
702 580 878 630 possunt
912 588 1019 628 quae
1051 573 1220 616 tradunt
1243 574 1357 614 PAM
1389 588 1481 616 cum
1506 574 1536 616 C
1569 578 1610 616 et
1633 574 1782 614 Latino

116 645 202 685 τῶν
235 639 275 684 δ’
313 639 457 686 ἄλλων
480 647 707 697 Καίσαρος
739 643 989 698 στρατηγῶν
1021 640 1093 682 ἐπὶ
1127 643 1319 695 τιμωρίᾳ
1349 642 1425 681 τοῦ
1458 639 1596 695 ([όνου
1620 638 1782 693 Βάσσῳ

122 710 436 764 σι’,ιιβαλόντων
474 710 585 765 μετὰ
628 710 775 766 πάσης
814 712 889 764 τῆς
930 708 1173 761 δυνάμεως,
1215 720 1323 759 quae
1365 713 1405 750 et
1444 708 1658 750 difficilius
1690 712 1784 750 sunt

118 778 334 821 intellectu
369 784 410 821 et
439 793 528 822 rem
558 780 695 821 minus
726 782 839 820 recte
866 790 1035 819 narrare
1058 776 1275 827 uidentur3
1307 780 1350 816 at
1372 776 1529 829 optima
1550 779 1644 818 sunt
1676 788 1783 829 quae

117 844 228 886 LVR
249 846 419 888 tradunt
439 862 475 887 τ.
500 842 539 887 ὁ)
568 842 607 887 ἅ.
633 849 684 887 Κ.
708 859 799 899 σι’ρ.
824 844 898 886 ἐπὶ
923 846 1117 898 τιμωρίᾳ
1138 843 1215 883 τοῦ
1248 840 1386 897 φόνου
1417 841 1526 895 μετὰ
1560 842 1783 895 (δυνάμεως

119 912 442 964 συνελθόντων,
484 928 592 968 quae
632 918 672 956 et
710 913 935 967 perspicua
972 916 1067 953 sunt
1107 914 1148 953 et
1186 912 1246 953 rei
1277 914 1424 964 gestae
1454 911 1590 963 magis
1621 924 1784 952 accom-

118 979 346 1031 modatass).
398 995 438 1035 p.
469 984 555 1034 173,
580 984 602 1022 3
629 979 690 1029 εἰς
714 979 870 1033 Μῆλον
896 980 937 1020 in
970 977 1032 1026 εἰς
1057 978 1259 1033 Μίλητον
1292 983 1564 1032 corruperunt
1586 978 1657 1018 PA
1690 991 1784 1019 cum

118 1047 432 1102 Hegesippo*¹);
465 1062 504 1102 p.
532 1050 621 1102 184,
645 1050 669 1089 2
692 1046 807 1101 ἴυγγί
837 1062 924 1087 τινι
956 1047 1119 1101 φυσικῇ
1149 1047 1501 1098 κατασπωμένας
1533 1045 1692 1087 editum
1725 1051 1786 1087 est

123 1128 177 1156 cx
207 1116 398 1158 MLVRC
440 1128 493 1156 ex
524 1115 694 1167 Latin03
736 1115 809 1156 PA
848 1112 980 1167 ἴλιγγι
1022 1113 1225 1156 exhibent
1263 1115 1399 1157 minus
1429 1117 1565 1166 recte,
1607 1112 1720 1166 quod
1751 1113 1786 1154 si

122 1183 325 1225 uoluisset
354 1182 558 1236 Iosephus
599 1182 786 1225 dedisset
824 1182 1184 1236 καταφερομένοις
1219 1183 1360 1235 potius
1392 1195 1517 1234 quam
1548 1193 1786 1221 κατασπω-

119 1251 273 1302 μένας,
324 1250 436 1304 quod
488 1250 543 1291 ad
594 1248 719 1303 ἴυγγα
765 1250 1121 1291 incantamentum
1167 1249 1433 1302 aptissimum
1478 1252 1553 1290 est.
1633 1247 1787 1289 deinde

121 1322 266 1371 aperte
284 1316 391 1360 falso
408 1317 524 1359 PAM
547 1317 717 1359 tradunt
737 1331 777 1371 p.
799 1319 891 1369 199,
910 1319 934 1357 7
957 1317 1110 1358 multos
1131 1316 1313 1359 Iudaeos
1335 1330 1360 1358 a
1382 1315 1603 1358 Samaritis
1626 1315 1786 1357 occisos

120 1398 224 1438 esse,
257 1398 350 1427 cum
371 1398 424 1427 ex
447 1386 507 1428 eis
531 1398 639 1439 quae
666 1389 896 1438 sequuntur
926 1386 982 1439 (p.
1006 1387 1100 1437 200,
1125 1387 1165 1434 7)
1196 1385 1297 1426 satis
1331 1387 1492 1426 constet
1522 1384 1787 1425 interfectum

121 1465 212 1494 esse
233 1452 437 1495 Iudaeum
462 1466 602 1507 unum,
635 1453 749 1506 quod
772 1457 884 1495 recte
908 1452 1111 1494 exhibent
1132 1452 1292 1494 LVRC.
1334 1466 1374 1506 p.
1399 1455 1493 1505 475,
1518 1454 1541 1491 5
1563 1453 1605 1492 in
1631 1451 1787 1493 codici-

119 1519 196 1561 bus
217 1520 463 1563 melioribus
484 1520 614 1562 fertur
634 1518 784 1574 βάρος,
818 1520 930 1574 quod
952 1520 1236 1573 spernendum
1258 1533 1342 1562 non
1368 1524 1492 1572 esset,
1524 1520 1603 1561 nisi
1634 1519 1788 1572 reliqui

119 1587 268 1629 melius
308 1587 522 1630 traderent
555 1590 742 1641 βρῖθος,-
779 1592 894 1629 amat
926 1588 1036 1629 enim
1066 1587 1272 1641 Iosephus
1305 1586 1545 1629 huiusmodi
1578 1586 1788 1628 uocabula

119 1653 290 1696 rariora.
341 1655 553 1697 interdum
576 1657 797 1698 mellorum
820 1656 989 1697 testium
1013 1668 1128 1698 error
1149 1655 1341 1709 proditur
1367 1654 1507 1708 hiatu3
1540 1655 1656 1696 uelut
1686 1654 1787 1696 ferri

119 1720 194 1761 uix
224 1727 400 1774 possunt
430 1736 539 1776 quae
569 1737 610 1776 p.
638 1726 700 1777 17,
725 1726 748 1764 7
782 1724 824 1764 in
845 1723 927 1764 AM
959 1727 1104 1765 extant
1135 1721 1285 1778 κατῄει
1316 1719 1338 1763 0‘
1372 1720 1490 1771 λαός,
1524 1727 1565 1764 et
1596 1721 1786 1764 eiusdem

119 1788 302 1841 paginae
324 1802 363 1831 u.
389 1793 439 1831 14
461 1786 485 1846 ἡ
508 1788 641 1845 ποινὴ
667 1789 729 1839 εἷς
755 1788 831 1832 τὸν
865 1787 1081 1846 ἀδελφόν,-
1113 1804 1166 1833 ex
1198 1791 1478 1833 deterioribus
1510 1790 1637 1842 igitur
1667 1802 1787 1843 repo—

119 1855 304 1898 nendum
335 1862 398 1900 est
427 1858 646 1914 κατῆλθεν
679 1862 720 1900 et
749 1855 774 1914 ἡ
807 1860 922 1906 τίσις
937 1859 979 1908 ⁵).
1031 1858 1096 1901 his
1128 1859 1311 1912 aliisque
1342 1858 1492 1906 locis⁴⁵)
1526 1871 1608 1900 non
1639 1857 1786 1910 paucis

121 1922 290 1966 codices
335 1924 567 1968 deteriores
612 1927 787 1968 meliora
832 1926 999 1968 tradere
1046 1931 1245 1980 apparet3
1292 1939 1423 1979 quare
1465 1926 1543 1968 etsi
1582 1925 1787 1966 minorem

120 1993 413 2035 auctoritatem
445 1992 602 2036 habent
631 2006 714 2035 non
741 1997 881 2035 tamen
912 1994 1139 2048 spernendi
1171 1997 1266 2036 sunt
1296 2006 1433 2047 neque
1465 1994 1508 2034 in
1540 1992 1716 2035 edendis
1750 1996 1790 2033 et

121 2059 396 2103 emendandis
427 2061 531 2103 belli
561 2060 725 2103 Iudaici
756 2061 874 2103 libris
905 2062 1076 2115 neglegi
1107 2066 1345 2115 potuerunt.

633 2232 656 2279 ξ
687 2232 712 2270 4
744 2229 797 2271 de
829 2229 1048 2273 codicibus
1081 2231 1113 2271 P
1146 2235 1187 2272 et
1217 2231 1267 2271 A.

233 2329 353 2372 Haec
374 2330 427 2372 de
449 2329 642 2372 codicum
664 2331 889 2384 generibus
911 2330 1091 2373 diuersis
1114 2330 1228 2373 dicta
1249 2335 1383 2372 sunto.
1426 2331 1511 2371 iam
1533 2329 1586 2371 de
1609 2329 1787 2382 singulis

124 2396 244 2439 libris
275 2397 485 2450 quaedam
516 2398 717 2440 addenda
747 2403 864 2451 sunt,
897 2403 938 2440 et
968 2399 1150 2452 primum
1180 2397 1443 2440 memorandi
1474 2402 1569 2439 sunt
1599 2397 1685 2449 PA,
1717 2396 1789 2449 qui

126 2464 297 2516 quidem
327 2465 576 2519 plerumque
607 2466 666 2508 ita
697 2466 975 2520 consentiunt,
1012 2470 1057 2507 ut
1087 2470 1299 2519 tamquam
1329 2466 1483 2507 fratres
1515 2464 1663 2506 haberi
1693 2476 1787 2516 pos-

239 2611 270 2651 1)
293 2610 330 2644 in
355 2611 387 2643 A
412 2611 526 2645 solum
551 2605 671 2657 ἀρχὴν
696 2612 806 2652 extat,
832 2608 937 2656 ἰσχὺν
961 2611 996 2644 in
1022 2610 1179 2654 margine
1205 2610 1411 2654 suppletum
1436 2610 1501 2644 est.
1638 2611 1670 2649 2)
1695 2608 1732 2642 in
1757 2607 1789 2641 R

128 2663 215 2699 haec
232 2665 455 2700 interierunt..
551 2669 582 2709 3)
602 2666 647 2700 cf.
663 2667 746 2701 Ant.
764 2666 841 2701 Iud.
859 2667 944 2701 XIV
965 2669 1041 2701 268.
1067 2667 1317 2701 Drumannum
1333 2666 1369 2699 in
1386 2664 1543 2700 historiis
1562 2665 1595 2698 II
1610 2675 1644 2708 p.
1663 2666 1725 2698 125
1735 2674 1786 2706 sq.

128 2720 378 2755 Gardthausen
402 2723 588 2766 Λυρκείας
611 2733 645 2757 u.
670 2733 698 2757 s.
725 2723 804 2758 Zeic
827 2723 843 2757 I
864 2726 937 2758 152.
1045 2726 1078 2765 4)
1104 2723 1209 2757 etiam
1236 2726 1328 2757 cont.
1356 2722 1484 2766 Apion.
1510 2721 1628 2754 11266
1655 2722 1788 2767 Μηλίῳ

127 2775 164 2809 in
189 2778 360 2825 Μιλησίῳ
384 2779 590 2822 corruptum
615 2782 679 2813 est.
797 2782 829 2821 5)
854 2779 900 2814 ef.
926 2791 960 2824 p.
989 2782 1064 2821 345,
1086 2782 1138 2814 13.
1269 2781 1300 2819 6)
1326 2778 1386 2812 alii
1410 2778 1479 2812 loci
1504 2781 1588 2811 sunt
1611 2788 1646 2821 p.
1679 2780 1729 2817 16,
1754 2780 1788 2819 1;

129 2833 182 2873 49,
202 2834 239 2876 63
266 2836 320 2873 50,
338 2836 377 2877 33
405 2835 457 2876 73,
477 2837 512 2877 13
539 2837 592 2876 79,
613 2837 650 2878 ὃς
679 2838 754 2878 135,
775 2838 831 2879 153
860 2838 935 2878 146,
954 2838 972 2869 3
991 2838 1027 2870 et
1045 2839 1082 2879 93
1110 2838 1186 2878 222,
1209 2837 1248 2870 16
1267 2835 1328 2869 ubi
1346 2845 1427 2869 cum
1445 2833 1540 2869 VRG
1560 2833 1788 2868 consentiunt

128 2886 191 2920 PA
206 2887 242 2921 in
257 2889 432 2933 margine3
458 2892 708 2934 249,10;279,
725 2894 765 2935 4;
786 2893 861 2934 285,
878 2894 1092 2935 43292,19;
1120 2893 1273 2935 294,16;
1299 2893 1629 2934 295,17;301,11;
1656 2892 1733 2930 461,
1753 2892 1790 2930 33

130 2944 207 2984 479,
225 2945 284 2987 243
309 2947 441 2989 487,1;
467 2949 594 2988 540,1.
