1987 3246
194 137 293 171 LXX
924 133 1115 168 Praefatio.

195 249 513 296 Holwerdam1)
547 252 587 289 et
618 248 664 288 L.
698 245 960 287 Dindorfium
975 247 1005 294 2)
1036 246 1243 299 imprimis
1274 247 1568 289 memorandus
1600 252 1662 289 est
1692 246 1850 289 Guilel-

194 331 284 359 mus
317 314 530 366 Schmidt,
572 315 643 367 qui
684 313 736 355 de
767 313 907 354 Flauii
935 312 1106 365 Iosephi
1146 314 1382 356 elocutione
1423 315 1739 357 obseruationes
1775 314 1849 356 cri-

196 385 299 426 ticas
321 381 568 434 conscripsit
585 383 628 434 3),
660 381 702 421 in
725 381 875 433 quibus
899 380 1024 421 etiam
1048 380 1149 421 belli
1170 380 1332 422 Iudaici
1362 382 1478 424 locos
1509 382 1671 435 aliquot
1701 381 1849 433 tetigit.

307 449 524 490 Postremo
547 448 707 501 gratiae
729 447 921 500 agendae
943 451 1038 490 sunt
1068 448 1128 489 eis
1159 447 1230 500 qui
1262 449 1400 502 operis
1430 449 1596 490 fuerunt
1626 448 1852 501 adiutores,

197 518 238 558 in
269 516 419 570 quibus
450 516 629 569 primum
659 515 797 557 locum
830 515 1018 556 obtinent
1040 514 1214 556 Carolus
1237 515 1404 568 Boysen
1436 519 1477 557 et
1499 516 1711 568 Augustus
1741 515 1851 556 Mau.

197 583 349 625 deinde
381 582 565 624 maxime
600 581 802 623 laudandi
834 586 928 624 sunt
957 581 1309 623 bibliothecarum
1336 582 1539 635 praefecti
1570 583 1853 625 Bel-olinensis

199 650 453 692 Hauniensis
486 650 707 692 Leidensis
738 649 970 702 Lipsiensis
1003 649 1219 690 Parisinae
1250 648 1605 701 Vratislauiensis,
1637 649 1709 702 qui
1740 648 1853 691 codi-

198 717 316 759 cibus
355 717 625 770 Marburgum
664 717 919 758 transmissis
960 716 1209 768 effecerunt,
1250 719 1295 756 ut
1333 729 1489 768 magna
1527 716 1719 758 codicum
1757 728 1855 769 pars

197 785 351 827 rectius
391 785 605 826 aestimari
646 784 790 837 possit.
845 797 923 826 nec
959 782 1256 837 praetereundi
1296 787 1390 823 sunt
1428 783 1489 835 ei,
1529 783 1600 835 qui
1635 782 1750 836 apud
1780 796 1855 825 nos

197 866 262 894 res
308 865 449 894 sacras
495 856 536 893 et
579 851 855 893 scholasticas
897 850 1212 901 administrant,
1259 850 1330 902 qui
1376 853 1421 890 ut
1461 850 1645 904 priorum
1684 849 1855 902 Iosephi

197 920 456 961 uoluminum
487 919 545 960 ita
576 918 698 960 huius
730 918 901 971 benigni
936 917 1163 959 extiterunt
1192 917 1390 958 fautores.

311 986 472 1026 Indices
501 999 642 1026 rerum
673 999 726 1028 ex
748 986 939 1028 omnibus
962 983 1132 1038 Iosephi
1165 984 1283 1026 libris
1305 984 1484 1026 confecti
1506 984 1712 1037 peculiari
1735 984 1855 1025 fasci-

197 1054 291 1096 culo
322 1067 422 1096 mox
457 1054 644 1096 edentur.

965 1133 988 1179 ς’
1025 1134 1087 1172 17.

318 1211 382 1252 De
432 1210 554 1252 huius
595 1210 793 1252 editionis
836 1210 1012 1251 consilio
1053 1214 1094 1251 et
1132 1209 1294 1250 ratione
1334 1209 1375 1249 in
1414 1208 1676 1261 praefatione
1714 1208 1798 1249 uol.
1838 1208 1855 1248 I

198 1293 237 1332 p.
268 1278 449 1319 LXXVI
465 1291 526 1330 sq.
568 1282 609 1318 et
648 1278 730 1318 uol.
763 1278 825 1318 III
864 1291 903 1331 p.
936 1276 1033 1317 LIII
1071 1277 1155 1318 iam
1187 1276 1345 1317 dictum
1376 1279 1450 1316 est.
1510 1275 1702 1317 codicum
1732 1275 1859 1327 igitur

199 1345 504 1398 discrepantias
530 1343 725 1386 dedimus
755 1357 921 1395 omnes3
954 1356 1057 1396 quas
1079 1343 1137 1384 ita
1157 1343 1444 1396 adposuimus,
1476 1346 1520 1383 ut
1550 1342 1685 1384 sicubi
1715 1354 1858 1383 neces-

197 1413 351 1454 sarium
381 1412 516 1453 uisum
539 1416 614 1463 est,
646 1423 697 1452 ea
718 1410 887 1464 Iosephi
910 1411 1040 1451 uerba
1061 1410 1115 1451 ad
1138 1422 1246 1462 quae
1268 1409 1578 1462 discrepantiae
1601 1413 1794 1462 spectant
1815 1409 1857 1449 in

199 1480 396 1520 lemmate
414 1480 425 1527 ]
442 1478 820 1531 praemitteremus.
843 1477 1057 1519 omisimus
1079 1477 1327 1530 plerumque
1350 1480 1608 1518 correcturas
1630 1477 1813 1518 leuiores
1827 1478 1858 1524 ⁴)

199 1551 241 1587 et
273 1551 520 1588 accentuum
551 1550 623 1586 aut
653 1545 872 1598 spirituum
903 1544 1276 1596 (11561611311111385),
1312 1557 1486 1596 quarum
1518 1543 1745 1585 adnotatae
1775 1556 1859 1584 non

199 1617 294 1655 sunt
327 1613 407 1655 nisi
440 1626 548 1666 quae
584 1612 877 1654 memorabiles
914 1611 1174 1653 uidebantur.
1235 1623 1370 1664 neque
1401 1610 1695 1652 adnotauimus
1725 1611 1859 1652 sicubi

199 1681 356 1723 abest}
385 1685 555 1733 mutum,
588 1679 700 1732 quod
727 1679 897 1732 quidem
920 1680 973 1720 ab
996 1679 1187 1720 omnibus
1209 1679 1295 1720 fere
1321 1679 1438 1720 libris
1467 1678 1616 1720 abesse
1638 1679 1757 1731 solet,
1789 1682 1861 1718 aut

203 1750 223 1788 ὦ
249 1742 566 1803 ἐφελκυστικόν.
628 1746 707 1788 hoc
737 1746 952 1799 posuimus
984 1744 1111 1786 etiam
1141 1749 1237 1787 ante
1271 1750 1546 1787 consonantes
1576 1746 1735 1786 litteras
1767 1757 1860 1786 cum

200 1815 398 1857 traditum
428 1819 516 1857 erat
547 1816 588 1856 in
611 1814 682 1855 PA
704 1818 777 1855 aut
798 1813 888 1854 solo
910 1812 955 1852 P.
1006 1813 1198 1854 similiter
1220 1813 1260 1853 in
1283 1813 1529 1854 elisionibus
1552 1812 1659 1854 crasi
1681 1811 1860 1863 aliisque

201 1881 439 1923 huiusmodi
470 1882 658 1923 minutiis
690 1880 731 1922 id
764 1880 895 1922 secuti
927 1892 1081 1931 sumus,
1120 1880 1232 1932 quod
1263 1880 1432 1921 tradunt
1464 1880 1631 1922 codices
1663 1878 1860 1920 meliores

202 1949 354 1989 PAML
386 1953 458 1990 aut
489 1962 632 1990 omnes
663 1954 735 1989 aut
764 1947 896 1988 maior
926 1960 1035 2000 pars.

313 2016 444 2068 Signa
474 2020 598 2057 notae
630 2016 799 2068 aliaque
830 2021 925 2057 sunt
956 2013 1211 2067 explicanda
1243 2013 1363 2056 haec:

258 2082 299 2120 P
323 2102 378 2115 =
409 2082 545 2124 codex
577 2082 791 2124 Parisinus
823 2095 882 2134 gr.
910 2083 1028 2122 1425.
1076 2081 1174 2123 uide
1204 2095 1244 2134 p.
1270 2081 1315 2123 V.
1340 2081 1501 2122 XXIX.

257 2150 296 2189 A
328 2171 380 2180 Ξ
412 2150 504 2191 cod.
536 2150 839 2191 Ambrosianus
872 2149 921 2189 D.
948 2152 998 2189 50
1032 2161 1169 2201 super.
1216 2148 1315 2189 uide
1345 2162 1385 2201 p.
1411 2148 1479 2188 VI.
1502 2147 1663 2188 XXIX.

257 2217 305 2255 M
323 2235 378 2249 =
409 2217 500 2259 cod.
533 2217 769 2258 Marcianus
800 2229 860 2268 gr.
886 2216 979 2257 383.
1026 2215 1124 2257 uide
1156 2228 1195 2268 p.
1219 2215 1310 2256 VII.
1341 2214 1500 2256 XXXI.

314 2307 345 2345 1)
370 2304 653 2339 emendationum
683 2304 936 2338 Flauianarum
973 2303 1151 2346 specimen
1185 2302 1329 2346 scripsit
1353 2302 1380 2336 I.
1407 2301 1450 2334 H.
1480 2300 1679 2335 Holwerda.
1736 2300 1862 2334 Gorin-

201 2359 314 2393 chemi
337 2363 430 2394 1847.
518 2363 551 2401 2)
572 2359 671 2394 Neue
687 2360 812 2405 Jahrb.
829 2359 860 2404 f.
882 2358 1012 2393 Pleilol.
1031 2362 1073 2393 99
1091 2369 1126 2403 p.
1147 2361 1206 2393 281
1222 2369 1274 2402 sq.
1368 2360 1400 2399 3)
1422 2357 1522 2392 Neue
1537 2356 1667 2392 Jahrb.
1680 2357 1712 2401 f.
1726 2354 1861 2390 Philol.

201 2437 329 2483 Schpl.
359 2438 426 2471 XX
451 2450 485 2483 p.
513 2441 587 2472 345.
726 2443 759 2479 4)
785 2439 883 2473 uelut
913 2447 1020 2481 saepe
1052 2437 1088 2471 in
1121 2438 1153 2470 A
1186 2436 1354 2471 scribitur
1382 2416 1618 2481 ἐσπάρατον,
1650 2412 1801 2471 &Maga
1828 2437 1864 2469 et

202 2494 461 2537 5111111111.5)
488 2496 586 2529 uelut
615 2495 652 2529 in
682 2496 863 2529 codicibus
895 2494 1097 2528 melioribus
1131 2493 1241 2528 scribi
1272 2492 1361 2527 solet
1393 2490 1563 2533 ἑλέποὶις
1587 2502 1657 2526 11011
1682 2489 1862 2532 ἓὶέπολις,

202 2564 282 2596 etp>
286 2566 314 2586 ω
340 2561 410 2585 11011
436 2549 561 2597 εἷ’ργω,
585 2549 710 2597 εἰρκτη
735 2561 806 2586 11011
832 2548 968 2595 ειρκτή,
993 2543 1103 2595 εὖρος
1127 2560 1198 2583 11011
1223 2542 1350 2594 εὖρος,·
1373 2548 1444 2582 alia
1468 2551 1551 2582 sunt
1574 2545 1658 2592 ἑξῆς
1681 2556 1753 2580 11011
1771 2543 1863 2590 ἑξῆς,

200 2603 361 2652 ἠρεμεῖν,
387 2604 474 2652 ἔδρα
498 2611 533 2642 et
557 2617 647 2651 quae
670 2607 707 2641 in
737 2607 762 2641 O
788 2610 909 2641 extare
933 2606 1047 2640 solent
1070 2602 1251 2650 ἐξηκοντα
1276 2609 1311 2638 et
1335 2602 1464 2640 εικοσι.
1513 2605 1682 2637 accentus
1706 2601 1860 2636 uitiosus

201 2663 292 2696 tradi
317 2663 432 2697 solet
422 2674 458 2697 111
484 2661 592 2708 σφὰς
617 2663 710 2708 quod
732 2663 883 2697 debebat
899 2661 1028 2696 ascribi
1053 2664 1161 2705 σφᾶς,
1187 2657 1418 2706 ασφαῖτίτις,
1444 2661 1557 2704 πείρα
1582 2657 1741 2700 aliisque.
1790 2656 1862 2691 alia

201 2721 284 2751 sunt
306 2732 396 2762 μιαι
399 2733 433 2754 αι
459 2729 523 2763 pro
548 2722 687 2762 μιᾶναι
712 2717 888 2764 ἐπηρώτα
913 2729 977 2762 pro
1002 2715 1189 2762 ἐπηρώτα,
1214 2713 1341 2758 σκύλα,
1368 2717 1492 2757 σῖτος,
1519 2711 1701 2759 ὂσήμεραι
1726 2716 1761 2747 et
1786 2725 1862 2758 αρα

201 2783 265 2816 pro
280 2771 366 2820 ἄρα
384 2780 418 2808 et
433 2777 504 2809 iere
518 2784 655 2818 semper
668 2781 770 2816 τῖτος
783 2785 853 2808 11011
869 2775 982 2815 τίτος.
1008 2772 1104 2806 haud
1116 2782 1196 2806 raro
1212 2771 1361 2815 denique
1376 2775 1472 2805 extat
1484 2768 1749 2813 interaspiratio
1761 2768 1862 2803 uelut

198 2829 235 2863 in
252 2828 408 2875 moriana
421 2829 597 2876 περιίδεῖν
614 2829 818 2875 προέλθεῖν
835 2825 1163 2874 υπεροένίσχουσαν
1181 2823 1229 2862 δι’
1255 2826 1483 2862 ἐκπαίεσθαι
1500 2825 1660 2869 aliisque.
1702 2827 1860 2859 ceterum

201 2885 238 2919 in
257 2885 336 2919 libri
353 2886 455 2929 primi
475 2886 763 2920 adnotationibus
781 2885 907 2918 harum
932 2885 1160 2918 minutiarum
1186 2883 1272 2917 satis
1296 2892 1461 2924 magnum
1486 2891 1669 2916 numerum
1694 2880 1863 2925 reperies.
