2039 3251
14 866 50 899 10

16 1204 52 1236 15

18 1541 56 1573 20

19 1877 56 1910 25

517 135 582 169 DE
608 135 767 170 BELLO
793 135 890 171 IUD.
915 135 964 170 VI
990 138 1166 171 334—343
1193 139 1239 177 (vl
1266 138 1297 178 2)
1665 137 1743 173 557

81 245 139 297 ῶς
171 246 432 301 ἐβούλεσθε·
465 247 513 290 τὸ
552 248 598 290 δὲ
628 250 854 303 μέγιστον,
897 248 1187 304 δασμολογεῖν
1226 265 1273 291 τε
1308 246 1406 303 ὑμῖν
1438 248 1514 292 ἐπὶ
1552 251 1616 305 τῷ
1646 252 1743 306 θεῷ
1776 254 1856 294 335

83 316 151 357 καὶ
187 311 458 371 ἀναθήματα
491 316 710 371 συλλέγειν
751 315 1078 371 ἐπετρέψαμεν,
1123 319 1196 359 καὶ
1227 316 1329 366 τοῖς
1359 319 1498 359 ταῦτα
1530 320 1748 374 φέροντας

83 380 180 424 οὔτε
215 382 567 440 ἐνουθετήσαμεν
600 380 698 425 οἰῖτε
728 381 1023 437 ἐκωλύσαμεν,
1064 379 1124 425 ἵν’
1160 382 1263 439 ἦμῖν
1293 387 1482 441 γένησθε
1523 385 1747 428 πλουσιῶ-

82 466 200 505 τεροι
238 453 310 494 καὶ
349 451 758 507 ῑιῑαρασκευάσησθε
795 459 889 500 τοῖς
933 449 1163 506 ἡμετέροις
1207 450 1424 508 χρήμασιν
1465 448 1573 493 καθ’
1610 449 1745 510 ἡμῶν.

83 516 239 559 ἔπειτα
277 519 543 575 τηλικούτων
586 515 768 574 άγαθῶν
811 514 1113 568 ἀπολαύοντες
1166 518 1240 560 ἐπὶ
1286 517 1388 567 τοὺς
1434 520 1749 574 παρασχόντας
1781 522 1860 563 336

81 581 286 642 ἠνέγκατε
330 585 407 629 τὸν
455 587 584 641 κόρον
628 588 701 628 καὶ
748 586 869 642 δίκην
915 587 1000 626 τῶν
1049 580 1363 627 άτιθασειτων
1411 603 1608 640 ερπετων
1654 597 1748 637 τοῖς

82 657 285 696 σαίιοισι
307 653 383 696 τὸν
407 653 474 697 ἰὸν
497 653 756 711 ἐναφήκατε.
796 652 907 695 ε’στω
928 655 1043 707 γοῦν,
1067 654 1427 711 κατεφρονήσατε
1448 657 1524 712 τῆς
1542 659 1749 709 Νέρωνος
1782 658 1860 697 337

81 721 319 777 ῥαθιιιίας,
350 723 423 764 καὶ
456 720 588 762 καθα
583 737 664 774 περ
697 720 894 778 ῥηγματα
916 713 940 776 ἶ]
963 735 1002 762 σ
993 719 1208 773 τάσματα
1232 720 1308 764 τὸν
1333 719 1465 764 άλλον
1494 723 1649 776 χρόνον
1670 739 1748 765 κα-

81 788 257 844 κοήθως
287 784 547 845 ἠρεμοῦντες
570 787 612 830 ἒν
634 790 688 844 τῆ
708 787 876 841 μείζονι
908 786 1025 842 νόσῳ
1058 788 1295 845 διεφάνητε
1325 792 1397 832 καὶ
1421 807 1533 868 προς
1565 789 1751 840 ἐλπίδας

82 852 277 905 ἀναιδεῖς
299 852 513 911 άιιέτροις
534 855 773 906 ἐξετείνατε
795 853 874 904 τὰς
897 853 1158 909 έτιθυμίας.
1200 859 1298 913 ἡκεν
1321 875 1373 898 0
1363 857 1510 915 πατὴρ
1534 855 1669 912 οι·μὸς
1690 857 1752 907 εἷς
1784 860 1863 902 338

80 923 158 979 τὴν
175 923 334 978 χώραν,
367 940 415 965 ου
438 922 795 978 τιμωρησόμενος
830 919 940 975 ἶιιας
970 924 1057 964 τῶν
1088 940 1198 965 κατα
1223 926 1424 977 Κέστιον,
1457 922 1569 967 ἀλλὰ
1592 929 1752 968 νουθε-

80 990 246 1047 τησων
280 990 406 1032 δέον
394 992 509 1045 γοῦν,
543 990 669 1044 εἴπερ
693 1006 750 1032 επ
796 985 1038 1033 ἀναστάσει
1069 993 1147 1032 τοῦ
1179 990 1338 1042 ε’θνους
1370 1008 1530 1048 παριν,
1565 992 1641 1035 ἐπὶ
1673 992 1751 1048 τὴν
1784 996 1863 1035 339

81 1057 204 1113 ῥίζαν
239 1055 355 1110 ἱμῶν
387 1058 568 1112 δραμεῖν
598 1059 671 1099 καὶ
702 1056 864 1114 ταύτην
896 1056 1135 1113 ἐκπορθεῖν
1166 1058 1245 1116 τὴν
1278 1059 1411 1102 πόλιν
1443 1057 1625 1112 εἷθέως,
1659 1057 1680 1102 ὁ
1706 1060 1751 1102 δὲ

83 1125 325 1168 Γαλιλαίαν
357 1124 485 1181 ἐδῄου
517 1127 590 1168 καὶ
621 1125 676 1168 τὰ
708 1125 840 1180 πέριξ
869 1123 1100 1176 ἕπιδιδοὲς
1141 1124 1241 1180 ὑμῖν
1278 1123 1436 1181 χρόνον
1468 1128 1531 1178 εἷς
1561 1131 1752 1182 μεταμέ-

83 1193 218 1234 λειαν.
279 1187 376 1234 ἀλλ’
416 1189 513 1246 ύμῖν
546 1189 761 1236 ἀσθένεια
792 1192 840 1236 τὸ
876 1193 1205 1248 φιλάνθρωπον
1247 1193 1388 1237 ἐδόκει
1425 1191 1505 1237 κᾶκ
1534 1197 1611 1252 τῆς
1642 1193 1749 1253 ἡμε-
1783 1198 1862 1238 340

81 1263 210 1315 τέρας
232 1259 483 1317 πραότητος
503 1259 579 1315 τὴν
601 1260 769 1314 τόλμαν
792 1260 1092 1316 ἐπεθρέψατε.
1135 1265 1342 1317 Νέρωνος
1364 1262 1592 1316 οἰχομένου
1614 1258 1747 1305 τοῦθ)
1786 1267 1863 1307 341

83 1322 195 1382 ὅπερ
236 1326 360 1382 ἐχρῆν
399 1327 501 1378 τοὺς
541 1327 873 1383 πονηροτάτους
913 1328 1174 1385 ἐποιήσατε,
1220 1338 1319 1379 ταῖς
1360 1329 1594 1387 ἐμφυλίοις
1632 1328 1755 1387 ἡμῶν

83 1403 294 1450 ταραχαῖς
334 1394 674 1452 ἐπεθαρρήσατε
713 1397 785 1438 καὶ
822 1399 1136 1451 χωρισθέντων
1170 1396 1232 1447 εἷς
1262 1397 1339 1455 τὴν
1370 1398 1609 1454 Αἴγυπτον
1650 1397 1756 1452 ἐμοῦ

83 1479 131 1505 τε
151 1464 224 1505 καὶ
245 1464 322 1505 τοῦ
344 1462 516 1519 πατρὸς
548 1463 609 1513 εἰς
640 1462 925 1518 παρασκειὰς
954 1466 1033 1506 τοῦ
1064 1465 1265 1518 πολεμου
1296 1466 1653 1560 κατεχρήσασθε
1662 1474 1757 1514 τοῖς

83 1539 273 1587 καιροῖς,
313 1531 385 1572 καὶ
426 1526 503 1572 οἰκ
541 1527 765 1588 ῃδέσθητε
802 1527 1042 1585 ταράσσειν
1083 1527 1412 1587 αὐτοκράτορας
1449 1549 1630 1589 γεγενηιι
1650 1533 1757 1584 ’νοις

86 1598 160 1648 οἷς
182 1600 252 1641 καὶ
277 1613 544 1655 στρατηγούς
567 1598 920 1654 φιλανθρώποις
953 1598 1234 1653 επειράσατε.
1287 1600 1631 1658 προσφυγούσης
1651 1618 1754 1657 γοιν
1786 1604 1867 1643 342

84 1663 188 1722 ἡμῖν
218 1668 294 1721 τῆς
328 1663 571 1722 ἡγεμονίας,
603 1667 673 1708 καὶ
697 1668 784 1709 τῶν
805 1666 883 1719 μὲν
909 1666 1020 1708 κατὰ
1050 1666 1214 1723 ταύτην
1245 1662 1526 1723 ἠρεμούντων
1558 1669 1753 1721 πάντων,

84 1735 447 1789 πρεσβευομένων
479 1732 525 1775 δὲ
556 1734 628 1775 καὶ
661 1734 966 1790 συνηδομένων
1007 1736 1093 1777 τῶν
1134 1734 1303 1785 ἐ’ξωθεν
1335 1735 1501 1788 ἐθνῶν,
1544 1736 1680 1779 πάλιν
1713 1737 1755 1779 οἵ

79 1796 286 1843 Ἰουδαῖοι
325 1800 558 1854 πολέμιοι,
599 1802 671 1843 καὶ
703 1805 938 1856 πρεσβεῖαι
976 1802 1055 1856 μὲν
1094 1799 1216 1856 ὑμῶν
1248 1802 1362 1858 πρὸς
1393 1802 1495 1853 τοὺς
1527 1801 1638 1859 ὓπερ
1670 1800 1755 1846 Εύ-
1788 1807 1867 1847 343

87 1867 257 1924 φράτην
303 1867 378 1910 ἐπὶ
425 1871 726 1924 νεωτερισμῷ,
772 1870 1005 1923 περίβολοι
1048 1869 1093 1912 δὲ
1133 1872 1288 1923 τειχῶν
1335 1866 1757 1926 ἀνοικοδομούμενοι

86 1938 242 1987 καινοί,
276 1934 454 1985 στάσεις
476 1935 617 1978 δὲκαὶ
638 1935 861 1990 τυράννων
893 1938 1164 1993 φιλονεικίαι
1194 1938 1268 1980 καὶ
1299 1937 1496 1992 πόλεμος
1530 1937 1756 1996 ἐμφύλιος,

202 2046 746 2091 PAMLVRCLatHegesippus
769 2048 802 2081 V
828 2050 870 2081 46
896 2058 930 2091 p.
958 2050 1036 2082 369.

204 2105 219 2136 1
246 2099 435 2148 βούλεσθε
460 2102 498 2136 Μ
522 2099 735 2149 ἠβούλεσθε
759 2102 789 2136 L
907 2105 926 2137 3
954 2099 1036 2139 οὒτ’
1064 2103 1094 2137 L
1206 2101 1292 2139 οὔτε
1316 2102 1571 2148 ἐκωλύσαμεν]
1596 2105 1620 2140 i.
1645 2116 1756 2149 marg.

89 2158 207 2203 suppl.
231 2158 259 2192 P
285 2168 353 2193 om.
379 2158 409 2192 L
436 2156 522 2194 οὔτε
547 2171 588 2194 τε
613 2156 856 2203 ἐκωλύσαμεν
881 2159 908 2193 C
998 2154 1051 2195 ἵν’
1072 2179 1112 2183 -
1132 2156 1419 2204 πλουσιώτεροι]
1445 2164 1483 2194 ut
1508 2159 1630 2196 hostes
1655 2162 1760 2197 nobis

88 2214 325 2260 efficeremini
349 2213 499 2248 ditiores
522 2215 593 2248 Lat
684 2211 782 2260 ἡμῖν]
807 2212 915 2260 ἡμῶν
938 2215 969 2249 L
1063 2209 1352 2261 πλουσιώτεροι]
1385 2215 1666 2264 πλουσιώτεροι
1691 2231 1758 2254 πο-

89 2270 209 2315 λέμιοι
234 2270 336 2305 LLat
450 2274 471 2304 4
496 2268 837 2317 παρεσκευάσασθε
863 2271 890 2305 Ρ
1012 2275 1031 2306 6
1057 2267 1321 2308 α’τιθασευτιῦν
1345 2272 1372 2305 Ρ
1398 2268 1685 2310 α’ντιθ-ασεύτων
1710 2276 1757 2308 A¹

90 2323 310 2363 άτιθάσσων
334 2326 364 2360 L
390 2322 663 2372 οἷτηθασεύτων
682 2327 708 2362 C
730 2325 1017 2364 άτιθασσεύτων
1041 2328 1074 2363 V
1144 2331 1161 2362 7
1189 2328 1339 2365 σε’νουσι
1363 2328 1391 2362 Ρ
1461 2332 1564 2375 γοῦν]
1592 2324 1659 2366 οὖν
1684 2330 1712 2364 L

91 2386 111 2417 9
135 2382 234 2428 πρὸς
257 2402 301 2407 -
329 2386 368 2417 10
393 2380 606 2428 ἐπιθυμίας]
632 2388 666 2418 et
689 2383 739 2418 ad
760 2395 844 2430 spes
867 2384 1054 2428 improbas
1081 2384 1188 2418 etiam
1219 2385 1436 2431 cupiditates
1461 2385 1671 2420 immodicas
1695 2397 1760 2421 ea:-

84 2438 254 2484 plz‘cctstis
277 2439 348 2473 Lat
444 2443 483 2474 10
509 2436 684 2481 ἀναιδεῖς]
711 2435 907 2476 άναιδείασ
931 2440 958 2474 Ρ
985 2436 1155 2477 α’ναιδεῖσ
1178 2443 1243 2477 καὶ
1268 2441 1367 2477 MLC
1463 2439 1585 2486 οὐμὸσ
1612 2443 1713 2478 codd.

95 2497 131 2529 11
159 2496 248 2536 τῶν]
274 2494 344 2530 τὸν
370 2495 397 2530 O
492 2498 530 2530 12
555 2492 632 2538 ἐπ’]
657 2494 718 2532 ἐπὶ
736 2495 936 2531 AMLVRC
1022 2492 1241 2540 α’ναστάσει]
1266 2496 1521 2535 ἐπαναστάσει
1548 2498 1715 2535 AMVRC

94 2553 135 2585 13
159 2550 380 2595 ἐκπορθεῖν]
404 2555 568 2598 πορθεῖν
592 2552 622 2585 L
718 2548 751 2593 ὃ]
779 2548 823 2588 οὐ
848 2552 876 2586 Ρ
973 2556 1014 2587 14
1037 2549 1125 2598 ἡμῖν
1150 2553 1176 2588 C
1274 2559 1314 2589 15
1339 2551 1425 2599 ὑμῖν
1450 2565 1518 2590 om.
1544 2554 1614 2589 Lat
1705 2553 1758 2598 εἸ-

93 2602 212 2648 δόκει,
236 2604 255 2642 ἐ
278 2607 301 2642 i.
326 2616 399 2642 ras.
425 2608 458 2641 A
553 2610 592 2642 16
618 2610 732 2644 τοῦτο
758 2608 788 2642 L
885 2612 923 2644 17
950 2607 1252 2655 πονηρωτάτουσ
1276 2610 1309 2645 R
1402 2614 1496 2653 ταῖς]
1521 2613 1584 2647 καὶ
1611 2617 1698 2647 ταῖσ
1721 2611 1761 2646 Μ

92 2661 188 2696 haud
210 2663 302 2697 male
414 2658 520 2707 ὗμῶν
544 2663 749 2699 AMLCLat
868 2667 906 2699 18
932 2663 1246 2712 ἐπεθαρρήσαντε
1271 2667 1321 2699 Αι
1346 2665 1637 2713 ἐπεθαρσήσατε
1661 2667 1691 2701 L

96 2719 137 2751 19
160 2715 469 2765 κατεχρήσασθαι
496 2719 522 2753 C
616 2723 657 2755 22
681 2720 779 2758 κατὰ
807 2718 956 2768 ταύτην]
981 2720 1070 2757 κατ’
1095 2718 1211 2767 αὐτὴν
1227 2722 1258 2756 L
1351 2721 1518 2764 πάντων]
1544 2733 1612 2758 om.
1631 2723 1659 2757 P
1677 2726 1760 2758 ante

93 2767 337 2817 ἠρεμούντων
353 2776 398 2810 tr.
416 2775 447 2809 L
533 2778 574 2810 23
601 2777 862 2823 συνηδομένων
879 2777 916 2814 δὲ
931 2780 994 2813 καὶ
1019 2778 1337 2825 πρεσβευομένων
1353 2783 1398 2813 tr.
1417 2781 1450 2813 A
1537 2779 1573 2815 οἳ
1598 2790 1666 2814 om.
1683 2778 1714 2812 L

95 2829 140 2862 24
160 2828 230 2872 μὲν
254 2839 320 2864 om.
345 2830 374 2864 P
467 2831 577 2879 πρὸς]
604 2832 661 2869 εἰσ
684 2833 724 2867 Μ
817 2836 858 2868 26
883 2831 1001 2881 τυράν
1015 2848 1032 2865 *
1051 2849 1066 2865 ιε
1085 2849 1100 2866 ae
1116 2849 1143 2881 φ
1159 2849 1175 2866 »ιε
1193 2849 1209 2866 ε
1229 2836 1388 2871 ονεικίαι
1417 2835 1445 2869 Ρ
1537 2837 1602 2871 καὶ
1627 2832 1759 2881 τυράν-

96 2886 184 2925 νων]
208 2881 403 2929 τυράννων
425 2889 487 2923 καὶ
511 2888 540 2921 L
635 2903 651 2919 *
669 2903 684 2919 νε
702 2887 837 2934 φύλιοσ
861 2889 888 2923 Ρ
