2018 3236
134 294 212 334 567

134 626 211 666 568

133 828 212 867 569

134 1031 212 1069 570

135 1167 158 1204 051

165 1166 210 1204 Ξ

140 1502 219 1540 572

246 178 325 215 512
675 175 740 208 DE
766 172 925 208 BELLO
950 173 1047 208 ΗΠ).
1072 173 1104 208 V
1128 175 1305 207 567-572
1328 174 1402 213 (xm
1430 176 1460 215 7)

356 294 392 331 7.
427 290 512 330 Καὶ
543 291 587 329 τί
618 284 822 328 δεῖκατά
862 288 994 339 μέρος
1034 284 1335 342 ἐκδιηγεῖσθαι
1373 284 1452 334 τὰς
1491 283 1744 341 συμφοράς,·
1784 279 1894 325 ἄλλα

244 355 355 410 προς
391 359 520 396 Τίτον
559 354 602 395 ἓν
633 352 814 401 ταύταις
851 360 950 401 ταῖς
986 349 1170 408 ἡμέραις
1201 355 1407 402 ΠΊαννέος
1438 349 1459 393 0c
1493 351 1705 406 Λαζάρου
1747 349 1895 407 φυγῶν

244 422 316 464 διὰ
337 424 441 475 μιᾶς
463 421 603 475 ἔλεγεν
627 419 937 473 ἐκκεκομίσθαι
959 419 1110 475 πύλης,
1133 418 1185 475 ἢν
1204 415 1334 469 αὐτὸς
1352 419 1657 470 ἐπεπίστευτο,
1678 418 1897 472 μυριάδας

244 489 391 531 ἕνδεκα
421 490 579 540 νεκρῶν
612 487 686 529 ἐπὶ
718 487 1089 539 πεντακισχιλίοις
1120 482 1394 536 ὀκτακοσίοις
1425 483 1703 542 ὀγδοήκοντα,
1737 481 1816 542 ἀφ’
1848 482 1897 542 ἧς

245 553 392 604 αὐτοῖς
423 553 585 610 ἡμέρας
616 554 1147 611 παρεστρατοπεδεύσατο
1186 554 1636 632 τεσσαρεσκαιδεκάτῃ
1672 555 1899 601 Ξανθικοῦ

244 622 378 679 ιιηνὸς
419 620 515 676 άχρι
558 625 766 675 Πανέμου
812 625 1060 678 νοιιιηιίας.
1129 623 1257 663 τοῦτο
1300 617 1341 662 δ’
1384 613 1435 678 ἧν
1477 622 1654 677 πληθος
1692 616 1896 675 ἀπόρων·

242 692 312 732 καὶ
346 686 445 731 οὐδὲ
478 687 610 739 αὐτὸς
641 688 857 746 ἐφεστώς,
892 687 1003 730 ἀλλα
1035 690 1227 745 δηιιοσία
1257 688 1426 742 μισθὸν
1459 688 1607 738 διδοῖς
1639 688 1684 738 εξ
1714 686 1900 766 ἀνάγκης

242 753 439 834 ἠρίθμει.
500 757 601 806 τοὺς
640 757 686 798 δὲ
725 756 909 833 λοιποὺς
950 773 991 798 οι
1024 755 1318 813 προσήκοντες
1358 755 1582 799 ε’θαπτον·
1620 754 1738 812 ταφὴ
1774 752 1813 796 δ)
1849 753 1900 812 ἠν

243 823 291 866 τὸ
325 829 682 877 προκομίσαντας
704 842 748 866 εκ
768 826 844 866 τοῦ
877 821 1032 873 α’στεος
1063 824 1208 880 ῥῖψαι.
1259 822 1369 875 μετὰ
1393 823 1439 865 δε
1459 840 1613 865 τουτον
1646 822 1901 876 διαδράντες

245 893 405 934 πολλοι
435 894 520 934 τῶν
553 892 782 948 επισήμιυν
812 908 891 941 τας
922 907 1072 940 πασας
1102 893 1188 932 τῶν
1220 888 1403 944 ἀπόρων
1441 893 1598 943 νεκρῶν
1631 886 1902 948 ἀπήγγελλον

243 958 459 1012 μιριάδας
491 958 508 1001 ἑ
515 959 695 1037 ξηκοντα
727 959 800 1001 δια
833 961 920 1001 τῶν
952 960 1102 1001 γ’ττιλῶν
1135 974 1378 1014 εκριφηναι,
1409 960 1496 1000 τῶν
1528 954 1568 999 δ)
1605 955 1748 999 άλλων
1780 953 1902 1006 άνεξ-

245 1026 469 1083 ερεύνητον
500 1025 612 1069 εἶναι
643 1026 718 1069 τὸν
751 1023 960 1082 ἀριθμόν,
1011 1029 1163 1081 μηκέτι
1196 1023 1235 1066 δ
1264 1022 1556 1068 εὐτονούντων
1577 1041 1678 1074 τους
1700 1023 1903 1077 πτωχοῖς

246 1093 442 1149 ἐκφέρειν
474 1092 648 1150 [221269202]
680 1093 1036 1148 συσσωρεύοντας
1061 1092 1123 1142 εἰς
1144 1091 1245 1142 τοὺς
1276 1096 1506 1147 μεγίστους
1538 1092 1683 1142 σι’κους
1704 1109 1758 1133 τα
1781 1091 1903 1133 πτῶ-

247 1178 365 1214 ματα
397 1157 662 1204 ἀποκλείειν.
711 1163 781 1203 καὶ
805 1163 881 1202 τοῦ
903 1161 981 1213 μὲν
1005 1164 1127 1202 σίτου
1149 1159 1197 1202 τὸ
1222 1163 1391 1238 μέτρον
1411 1162 1643 1215 πραθηναι
1674 1159 1902 1210 ταλάντου.

244 1227 355 1282 ιιετὰ
386 1245 523 1270 ταυτα
557 1226 596 1270 δ
628 1226 686 1278 ῶς
718 1228 855 1270 οὐδὲ
848 1229 1084 1284 ι’]τοιλογεῖν
1116 1222 1189 1270 ε”θ
1227 1226 1320 1269 οἷον
1351 1244 1374 1268 τ
1417 1226 1469 1284 ἠν
1501 1230 1906 1282 περιτειχισθείσης

246 1298 321 1352 τῆς
342 1295 528 1345 πόλεως,
556 1296 796 1349 προελθεῖν
818 1311 939 1344 τινας
962 1295 1024 1344 εἷς
1044 1311 1254 1338 τοσουτον
1276 1294 1474 1350 ανάγκης,
1497 1290 1610 1336 ὥστε
1631 1311 1711 1344 τας
1734 1290 1906 1348 ἀμάρας

248 1361 510 1417 ἐρευνῶντας
540 1366 608 1404 καὶ
642 1362 837 1404 παλαιὸν
869 1359 1008 1404 ὄνθον
1046 1365 1164 1416 βοῶν
1203 1365 1549 1418 προσφέρεσθαι
1578 1360 1632 1403 τὰ
1665 1361 1708 1403 ἐκ
1739 1360 1906 1403 τούτων

249 1429 455 1483 σκύβαλα,
486 1432 556 1472 καὶ
590 1429 637 1471 τὸ
671 1426 774 1485 μηδ’
812 1427 916 1482 ὄψει
951 1429 1146 1486 φορητὸν
1178 1430 1321 1471 πάλαι
1350 1429 1449 1470 τότε
1484 1432 1695 1484 γενέσθαι
1723 1427 1905 1484 τροφήν.

250 1502 388 1538 ταῦτα
415 1496 614 1551 Ῥωμαῖοι
647 1498 726 1550 μὲν
759 1493 989 1546 ἀκούοντες
1020 1495 1221 1554 ἠλέησαν,
1255 1497 1296 1538 οἱ
1329 1497 1595 1539 στασιασταὶ
1628 1496 1674 1537 δὲ
1704 1497 1776 1537 καὶ
1807 1497 1907 1549 βλέ-

251 1580 409 1613 ποντες
440 1561 487 1606 οὐ
519 1564 763 1617 μετενόουν,
798 1560 895 1605 ἀλλ’
922 1580 1144 1618 ηνειχοντο
1175 1567 1324 1618 μέχρις
1357 1560 1497 1606 αυτῶν
1530 1564 1793 1619 προελθεῖν
1826 1578 1906 1604 πε-

252 1630 454 1686 πήρωντο
484 1631 564 1686 γὰρ
596 1629 682 1673 ὑπὸ
716 1634 793 1673 τοῦ
820 1631 970 1686 χρεών,
1004 1631 1026 1673 ὂ
1050 1649 1099 1688 τη
1124 1648 1170 1673 τε
1191 1631 1319 1673 πόλει
1352 1633 1421 1673 καὶ
1456 1627 1604 1714 αὐτοῖς
1633 1627 1714 1688 ἤδη
1747 1631 1906 1686 παρῆν.

367 1742 894 1786 PAMLVRCLatHegesippus
919 1742 949 1775 V
968 1745 1008 1775 25
1036 1753 1070 1786 p
1091 1745 1164 1776 334.
1207 1742 1366 1775 Zonaras
1389 1713 1456 1785 Ip.
1476 1713 1551 1774 535.
1594 1741 1681 1774 Exc.
1707 1740 1860 1773 Peirese.

368 1801 381 1831 1
409 1799 509 1833 καὶ-
510 1800 606 1832 —1S
632 1794 778 1844 τροφήν
803 1808 870 1831 om.
898 1797 975 1831 Exc
1105 1798 1127 1832 i.
1154 1807 1261 1839 marg
1289 1791 1348 1842 λη’
1375 1797 1401 1831 C
1539 1800 1557 1830 2
1584 1794 1746 1837 ταύταις]
1773 1793 1909 1832 αυταῖσ

254 1854 355 1887 ΡΑΜ
445 1859 634 1898 μανναῖοσ
659 1853 825 1888 MLVRC
851 1854 1017 1888 mamlius
1041 1857 1080 1887 ut
1105 1853 1176 1887 uid.
1202 1853 1272 1886 Lat
1296 1863 1449 1886 mannus
1481 1856 1544 1886 aut
1567 1863 1741 1886 υιιιιιηιίις
1764 1851 1841 1895 Heg

255 1908 447 1956 Λαζάρου]
473 1909 632 1944 eleazari
656 1909 724 1943 Lat
795 1912 813 1943 3
837 1907 1118 1952 ἐκκεκομίσθαι]
1144 1906 1384 1952 ἐκκοιμίσθαι
1408 1907 1438 1941 L
1530 1911 1551 1941 4
1575 1909 1637 1943 καὶ
1664 1903 1910 1943 ὀκτακοσίοισ

254 1965 327 1999 MV
396 1961 466 2011 εἶφ’
484 1967 504 1999 i.
524 1976 594 1999 ras.
615 1968 632 1999 3
651 1965 717 2000 litt.
736 1965 768 1998 A
838 1968 856 1998 5
881 1962 996 2010 αὐτῆσ
1015 1964 1040 1998 C
1110 1961 1575 2010 παρεστρατοπεδεύσατο]
1601 1975 1909 2009 παρεστρατοπε-

255 2020 414 2057 δεύσατο
448 2027 557 2056 τϊτοσ
582 2021 619 2054 Μ
737 2017 1116 2065 τεσσαρισκαιδεκάτη
1151 2020 1177 2054 C
1208 2017 1615 2066 τεσσαρεσκαιδεκάτης
1648 2019 1819 2052 Destinon

254 2076 424 2111 Xanthioi
444 2080 495 2111 14.
515 2077 588 2111 dies
606 2078 660 2110 est
680 2080 709 2111 1.
729 2076 814 2120 Mai,
839 2076 984 2111 Panemi
1002 2075 1166 2110 numenia
1183 2075 1257 2108 dies
1282 2078 1337 2109 est
1361 2079 1415 2109 20,
1433 2075 1513 2109 Iulii
1536 2075 1636 2115 (XIII
1654 2075 1687 2108 k.
1707 2074 1812 2117 Aug.)
1829 2074 1911 2108 anni

255 2132 382 2166 Iuliani
406 2136 462 2174 (ΤΟ
480 2143 514 2176 p.
534 2133 629 2173 Chr.)
712 2134 914 2178 νεομηνίασ
932 2131 1133 2165 PAMLVR
1217 2131 1254 2166 δὲ
1270 2131 1336 2166 VR
1420 2127 1477 2176 ἦν]
1503 2136 1554 2165 esc
1579 2132 1648 2164 Lat
1738 2127 1910 2176 α’πόρων]

255 2189 425 2223 immensa
439 2189 517 2231 Lat,
536 2189 628 2223 uude
645 2186 805 2233 ἄπειρον
819 2188 968 2223 Hudson
986 2185 1138 2233 ἄπορον
1152 2187 1339 2222 Holwerda
1410 2189 1428 2220 8
1446 2182 1493 2227 δ’]
1513 2186 1548 2222 δὲ
1562 2186 1660 2220 LVR
1677 2187 1767 2221 enim
1782 2186 1852 2220 Lat

255 2247 275 2278 9
293 2246 631 2291 προσκομίσαντασ
649 2245 674 2278 C
745 2242 895 2280 ἄστεωσ
914 2244 970 2278 ΡΟ
1040 2246 1153 2279 τοῦτο
1172 2243 1202 2277 L
1272 2241 1402 2287 διαδρά
1415 2257 1429 2273 *
1443 2257 1458 2273 *
1473 2258 1488 2273 νε
1501 2257 1516 2273 ⁴*
1537 2244 1670 2278 πολλοὶ
1688 2242 1715 2276 Ρ
1788 2245 1828 2276 10
1846 2239 1912 2284 τὰς

255 2311 322 2334 om.
342 2300 402 2334 PA
471 2296 686 2346 α’πήγγελον
704 2301 764 2335 LC
837 2304 871 2335 11
894 2303 1042 2335 πυλλιῦν
1056 2299 1084 2332 L
1155 2295 1453 2345 ἀνεξερεύνητον]
1474 2297 1651 2333 PAMZon
1669 2294 1913 2344 α’νεξεύρετον

256 2355 382 2391 LVRC
456 2359 493 2390 12
519 2358 556 2393 δὲ
581 2357 647 2391 VR.
719 2356 909 2402 μηκέτι-
932 2359 968 2390 13
994 2354 1178 2400 ἐκφέρειν]
1203 2366 1282 2389 cum
1307 2360 1423 2389 aulem
1446 2365 1629 2399 pauperes
1651 2354 1815 2398 ferendis
1838 2365 1912 2389 non

256 2412 467 2456 sufficerent
491 2413 562 2447 Lat
635 2417 672 2447 13
697 2411 882 2460 ἐκφέρειν]
906 2410 1189 2454 PAMLVCLips
1217 2429 1226 2436 ·
1244 2410 1394 2456 ·φέρειν
1418 2410 1451 2445 R
1520 2407 1650 2455 ἔλεγον
1675 2420 1742 2444 om.
1768 2410 1869 2445 PLat

258 2466 564 2514 συσσωρεύοντεσ
578 2471 609 2502 Α
624 2467 937 2515 συνσωρεύοντασ
950 2467 1016 2502 VR
1096 2470 1135 2499 14
1153 2462 1381 2507 οἷποκλείειν]
1398 2467 1534 2502 κλείειν
1548 2466 1578 2500 L
1592 2465 1762 2500 conclusa
1778 2466 1847 2500 Lat

258 2523 408 2566 μέτρον]
433 2524 610 2568 μέδιμνον
633 2525 710 2560 Zon
787 2529 822 2558 15
849 2524 887 2560 δὲ
902 2522 997 2558 VRC
1068 2518 1119 2563 ὡς
1145 2517 1240 2563 οὐδὲ]
1266 2533 1334 2557 om.
1359 2522 1392 2557 R
1416 2520 1471 2558 ὠσ
1495 2523 1534 2558 δὲ
1559 2522 1600 2556 C¹
1676 2516 1752 2564 ἔθ’]
1780 2518 1831 2556 ἔτι
1849 2521 1914 2557 VR

260 2574 343 2623 οὐχ’
363 2579 388 2613 C
458 2593 497 2616 τε
516 2581 649 2616 MVRC
722 2584 761 2615 16
779 2583 1007 2625 προσελθεῖν
1023 2579 1091 2613 VR,
1163 2581 1200 2612 17
1227 2576 1469 2621 ἐραυνῶντασ
1486 2577 1585 2612 V¹R¹
1657 2581 1696 2612 18
1721 2575 1911 2623 σκύβαλλα

415 2638 438 2659 α

260 2667 325 2702 VR
343 2672 458 2704 σκυλα
477 2670 502 2703 C
564 2670 652 2715 μηδὲ
666 2669 760 2705 VRC
823 2666 910 2705 τότε
929 2679 996 2702 om.
1016 2667 1088 2702 Lat
1150 2669 1191 2700 20
1210 2670 1438 2710 προσελθεῖν
1452 2667 1519 2702 VR
1580 2667 1815 2713 πεπείρωντο
1835 2666 1912 2701 Rc¹

347 2724 656 2768 Subscriptiones:
683 2725 811 2759 desunt
837 2722 960 2757 PALC
984 2720 1104 2768 λόγοσ
1127 2726 1147 2758 ἔ
1173 2722 1212 2756 Μ
1239 2721 1397 2766 φλαυίὀυ
1422 2720 1591 2768 ϊωσήπου
1621 2724 1707 2768 περὶ
1732 2719 1914 2758 &Mosam

260 2775 379 2824 λόγοσ
402 2783 421 2814 ἑ
438 2779 471 2814 V
489 2779 599 2815 τέλοσ
623 2781 781 2825 φλαυιόυ
800 2775 969 2825 ἰωσηπσυ
993 2780 1078 2823 περὶ
1103 2775 1285 2813 αλώσεωσ
1310 2775 1430 2823 λόγοσ
1447 2783 1465 2814 ε’
1482 2778 1515 2812 R
1533 2778 1644 2813 τέλοσ
1664 2780 1729 2814 τοῦ
1746 2776 1781 2813 ε’
1799 2781 1915 2824 λογου

262 2831 442 2871 ἁλώσεωσ
467 2840 635 2881 ϊωσηπου
659 2836 736 2869 Exc
757 2836 797 2880 fl.
822 2835 957 2880 iosippc'
975 2834 1062 2868 liber
1083 2839 1208 2868 sextus
1232 2832 1384 2878 explicit
1407 2833 1478 2867 Lat

1933 897 1969 929 10

1936 1233 1972 1265 15

1937 1570 1973 1601 20
