2039 3251
57 889 92 922 10

56 1226 92 1259 15

552 158 618 193 DE
644 159 804 194 BELLO
831 159 926 194 IUD.
953 159 969 193 I
998 162 1170 194 135—139
1197 166 1252 198 (VI
1281 167 1308 193 5.
1338 163 1368 201 (5)
1731 159 1775 194 3]

124 271 334 327 καθεώρα
366 272 411 315 δὲ
442 271 490 314 τι)
524 273 702 328 πλῆθος
733 268 977 328 ὀρρωδοῦν,
1009 274 1079 315 καὶ
1113 272 1337 329 παρῄνουν
1369 272 1409 315 οἱ
1442 273 1567 329 φίλοι
1601 274 1783 314 σκέπτε-

126 344 237 382 σθαι
276 339 353 394 τήν
379 337 600 393 Ῥωμαίων
641 339 760 392 ἰσχὺν
800 331 933 383 οὖσαν
972 336 1294 383 ἀνυπόστατον.
1357 340 1422 390 οἷς
1461 341 1670 389 πεισθεὶς
1708 338 1785 381 κά-

123 422 262 450 τεισιν
300 406 413 462 πρὸς
443 407 683 464 Πομπήιον
722 409 794 450 καὶ
834 408 980 450 πολλὰ
1020 411 1121 462 περὶ
1160 411 1237 450 τοῦ
1279 408 1458 457 δικαίως
1490 404 1635 461 ἄρχειν
1667 402 1782 449 ἆπο-

127 477 334 532 λογηθεὶς
354 472 631 530 ὑπέστρεψεν
663 475 726 526 εἷς
756 475 804 519 τι)
839 476 988 530 {Qum
1040 475 1176 518 πάλιν
1208 492 1254 517 τε
1283 472 1504 531 τάδελφοῦ
1535 475 1782 529 προκαλου-

123 547 255 596 μένου
272 542 466 597 καταβὰς
482 544 553 585 καὶ
573 543 824 597 διαλεχθεὶς
841 546 943 599 περὶ
961 545 1047 585 τῶν
1066 543 1246 585 δικαίων
1265 540 1445 585 ἄπεισιν
1461 541 1519 599 μὴ
1541 542 1784 591 κωλύοντος

124 614 200 653 τοῦ
223 614 478 667 Πομπηΐου.
529 614 662 665 μέσος
693 608 732 652 δ’
768 602 819 664 ἦν
851 611 1032 660 ἐλπίδος
1062 612 1134 652 καὶ.
1167 610 1302 661 δέοι-ς,
1334 612 1403 652 καὶ
1436 609 1586 666 κατῄει
1616 610 1694 663 μὲν
1726 607 1785 659 (ὗς

127 679 401 736 δυσωπήσων
423 679 664 733 ῙΙομιιῑιῘιον
690 675 823 721 πάντ’
861 677 1117 732 ἐπιτρέπειν
1150 673 1279 732 αὐτῷ,
1314 677 1449 719 πάλιν
1482 678 1525 719 δὲ
1560 673 1785 731 ἀνέβαινεν

126 746 187 797 εἷς
227 747 304 803 τὴν
347 744 501 801 ἄκραν,
543 744 601 796 ὡς
639 746 694 802 μ’]
739 745 1058 800 προκαταλύειν
1099 744 1264 794 δόξειεν
1306 743 1450 786 αὑτόν.
1503 744 1600 787 ἐπεὶ
1632 748 1783 798 μέντοι

126 814 368 870 Πομπήιος
392 814 658 865 ἐξίστασθαί
687 831 734 856 τε
764 816 851 855 τῶν
883 816 1107 870 φρουρίων
1139 811 1329 854 ἐκέλευεν
1362 808 1479 867 αὐτῷ
1509 814 1581 854 καὶ
1613 812 1784 868 παράγ-

121 883 257 936 γελμα
299 885 387 923 τῶν
427 880 713 938 φρουράρχων
749 880 933 934 ἐχόντων
964 880 1121 933 μόναις
1152 884 1413 934 πειθαρχεῖν
1445 889 1540 930 ταῖς
1574 876 1784 935 αὖτογρά-

126 966 230 1005 ([οις
254 948 523 999 ἐπιστολαῖς,
556 944 789 1005 ἠνάγκαζεν
812 944 944 990 αὐτὸν
966 947 1167 997 ἑκάστοις
1196 946 1381 1004 γράφειν
1413 947 1626 1001 ἐκχωρεῖν,
1661 957 1786 990 ποιεῖ

124 1017 202 1070 μὲν
230 1016 285 1059 τὰ
316 1020 668 1070 προσταχθέντα,
702 1012 1005 1072 ἀγανακτήσας
1037 1016 1080 1058 δὲ
1115 1011 1384 1071 ἀνεχώρησε-ν
1416 1014 1478 1064 εἷς
1505 1012 1784 1070 Ἱεροσόλυμα

124 1087 195 1128 καὶ
229 1084 574 1139 παρεσκευάζετο
606 1084 814 1136 πολεμεῖν
846 1081 960 1137 πρὸς
990 1083 1245 1137 Πομπήιον.

239 1156 277 1194 6.
312 1149 358 1195 Ὁ
399 1152 466 1203 δέ,
515 1146 563 1193 οὗ
614 1149 696 1205 γάρ
736 1149 881 1192 ἐδίδου
919 1149 1074 1205 χρόνον
1117 1159 1215 1200 ταῖς
1256 1159 1575 1205 παρασκευαῖς,
1617 1148 1785 1200 εὐθέως

124 1219 288 1270 εἵπετο,
310 1220 383 1261 καὶ
405 1221 772 1272 προσεπέρρωσεν
793 1216 870 1274 τὴν
893 1215 1031 1274 ὁρμὴν
1053 1215 1074 1259 (5
1099 1217 1393 1273 ῘΙῚιθριδάτου
1414 1218 1613 1268 θάνατος
1635 1215 1786 1273 ἀγγελ-

126 1287 226 1335 θεὶς
264 1282 382 1341 αι’-τῷ
413 1288 517 1340 περὶ
543 1283 821 1339 Ἱεριχοῦντα,
863 1285 976 1328 ἔνθα
1005 1287 1082 1342 τῆς
1106 1280 1323 1336 Ἰουδαίας
1352 1285 1401 1328 τὸ
1434 1286 1650 1328 πιότατον
1682 1289 1785 1342 φοί-

128 1353 221 1395 νικά
245 1370 292 1395 τε
316 1353 556 1407 πάμπολυν
587 1355 658 1396 καὶ.
689 1353 918 1407 βάλσαμον
949 1356 1113 1409 τρέφει.
1165 1355 1293 1395 τοῦτο
1327 1354 1476 1403 λίθοις
1507 1349 1653 1404 ὀξέσιν
1686 1353 1785 1396 ἐπι-

123 1424 350 1475 τέμνοντες
388 1419 441 1462 vc}
473 1424 647 1475 πρέμνα
678 1420 937 1476 συνάγουσιν
967 1419 1078 1462 κατὰ
1117 1419 1197 1470 τὰς
1234 1419 1373 1474 τομὰς
1413 1420 1659 1475 ἐκδακρῦον.
1713 1423 1781 1464 καὶ

235 1529 255 1572 ξ
284 1531 346 1562 135
372 1546 415 1558 =
439 1530 523 1563 Ant.
549 1529 624 1563 Iud.
652 1529 738 1564 XIV
764 1532 815 1563 50.

236 1622 502 1657 PAMLVRNC
512 1623 813 1668 LatHegesippus
830 1624 847 1658 I
866 1628 906 1659 15
933 1635 968 1668 p.
996 1627 1049 1658 22.

238 1683 248 1713 1
278 1677 461 1723 καθεώρα
478 1699 519 1704 ——
536 1675 742 1727 ὀρρωδοῦν]
767 1681 908 1726 referla
933 1681 1082 1726 populis
1106 1692 1258 1716 romana
1284 1684 1404 1715 eastra
1429 1681 1585 1727 desuper
1615 1689 1785 1727 spectans

119 1734 196 1779 Heg
300 1738 318 1770 2
344 1733 461 1781 ἰσχὺν]
486 1736 654 1772 VRCLat
678 1733 785 1781 ἰσχὺν
809 1731 929 1782 ἀρχὴν
946 1737 1046 1771 PML
1073 1733 1202 1783 ἀρχὴν,
1227 1738 1250 1771 i.
1268 1747 1377 1780 marg.
1404 1738 1521 1781 suppl.
1548 1734 1654 1783 ἰσχὺν
1669 1739 1784 1781 (signo

118 1790 236 1835 posito
262 1794 345 1836 post
363 1788 564 1837 Ῥωμαίων)
590 1794 622 1827 Α
736 1796 753 1825 3
780 1793 992 1838 Πομπήιον]
1018 1790 1132 1838 πήϊον
1156 1793 1186 1827 L
1212 1790 1282 1829 τὸν
1306 1791 1499 1839 πομπήϊον
1524 1794 1590 1828 VR
1698 1797 1784 1841 περὶ

118 1850 197 1889 τοῦ]
222 1850 310 1895 περὶ
335 1851 406 1894 τῆσ
430 1852 498 1885 τοῦ
521 1849 548 1883 Ρ
645 1851 889 1895 ··ολογη9εὶσ
915 1855 1018 1889 (eras.
1045 1845 1110 1889 ιῖπ)
1135 1850 1167 1883 V
1274 1853 1294 1884 4
1319 1850 1381 1892 εἰς]
1406 1847 1509 1894 πρὸσ
1533 1850 1628 1885 VRC
1730 1854 1782 1892 τε]

118 1914 185 1939 om.
211 1905 238 1939 P
263 1905 302 1942 δὲ
326 1905 392 1940 VR
468 1908 537 1942 τοῦ
560 1901 725 1952 α’δελφοῦ
749 1906 816 1940 VR
892 1905 1228 1951 προνκαλουμένου
1253 1906 1279 1940 G
1357 1911 1375 1940 5
1401 1909 1622 1952 διαλεχθεὶς]
1649 1910 1783 1953 διενεχ-

118 1963 204 1998 θεὶσ
227 1961 295 1996 RV
318 1975 376 2009 γρ.
403 1965 615 2008 διαλεχθεὶσ
640 1963 664 1996 i.
688 1971 796 2005 marg.
824 1962 857 1996 V
881 1965 1123 1998 concertassec
1147 1962 1218 1996 Lat
1310 1965 1519 2008 διαλεχθεὶς
1544 1984 1586 1987 -
1612 1965 1780 2006 δικαίων]

117 2028 196 2052 cum
227 2017 347 2052 adhuc
376 2018 689 2063 comperendinari
720 2018 960 2063 coqnz'tz'onem
992 2019 1130 2053 uideret
1154 2019 1232 2062 Heg
1369 2017 1530 2061 ἄπεισιν]
1555 2018 1674 2056 ἄνεισι
1700 2023 1733 2061 (ν
1759 2020 1781 2055 i.

117 2084 186 2109 ras.
218 2074 270 2116 M)
303 2074 410 2109 MVR
441 2074 557 2110 denuo
587 2074 793 2121 reyredz'cur
815 2073 886 2108 Lat
1000 2072 1246 2111 κωλύσαντοσ
1270 2075 1300 2109 L
1425 2078 1444 2109 6
1477 2076 1596 2119 μέσον
1626 2077 1693 2111 VR

118 2127 154 2167 δὲ
181 2130 249 2165 VR
362 2134 379 2164 ἰ’
406 2128 530 2167 πάντα
554 2131 622 2165 VR
736 2129 848 2168 πάλιν
873 2142 941 2166 om.
968 2131 1037 2165 Lat
1061 2131 1118 2171 (cf.
1145 2131 1191 2165 ad
1216 2143 1251 2166 u.
1279 2135 1312 2174 5)
1426 2126 1461 2167 δ’
1487 2132 1513 2166 C
1630 2135 1647 2167 8
1675 2128 1726 2174 ὡς
1743 2153 1783 2156 -

119 2182 248 2228 αὑτόν]
272 2197 317 2222 ne
341 2187 430 2232 quid
452 2187 575 2233 reqiae
599 2187 787 2233 cliynitatz's
810 2188 989 2233 cleroqctre
1019 2187 1203 2223 uideretur
1227 2187 1296 2222 Lat
1399 2191 1418 2222 9
1445 2183 1562 2224 αὐτόν
1588 2188 1688 2223 codd.

119 2237 231 2281 αὐτῶ,
256 2245 288 2278 ὦ
312 2253 355 2277 ex
382 2239 427 2278 ὸν
451 2252 543 2277 corr.
567 2243 600 2278 V
696 2248 731 2278 11
760 2243 920 2290 γράφων
945 2243 971 2278 C
1068 2246 1108 2279 12
1133 2244 1213 2288 μὲν]
1238 2243 1367 2288 μέντοι
1392 2244 1425 2278 V
1518 2242 1562 2280 τὸ
1589 2257 1780 2290 προσταχ·

118 2298 186 2334 θὲν
210 2298 305 2334 VRC
401 2301 439 2334 13
466 2296 791 2346 παρασκευάζεται
816 2300 882 2334 VR
907 2299 1088 2345 coqz'tabat
1112 2300 1183 2334 Lat
1282 2297 1495 2346 Πομπήιον]
1521 2298 1633 2346 πήϊον
1656 2300 1687 2334 L
1713 2297 1782 2336 τὸν

120 2352 314 2401 πομπήϊον
337 2355 404 2390 VR
483 2359 524 2389 14
548 2351 582 2391 δ’
609 2357 634 2390 C
711 2353 766 2399 οὐ]
793 2353 877 2394 οὐδὲ
901 2357 928 2391 Ρ
1004 2354 1161 2402 χρόνον]
1185 2353 1318 2402 χώραν
1341 2357 1374 2391 V
1397 2356 1420 2391 i.
1445 2366 1554 2400 marg.
1579 2354 1726 2402 χρόνον
1748 2357 1781 2391 V

121 2413 156 2446 et
171 2421 216 2446 m.
235 2415 254 2446 2
270 2412 305 2446 R
374 2417 456 2454 ταῖς
471 2433 515 2438 —
532 2424 567 2457 p.
585 2415 640 2454 33,
661 2416 701 2448 12
719 2409 926 2457 ἀμύνονται
946 2414 981 2457 (ξ
1001 2416 1075 2453 146)
1101 2424 1167 2448 om.
1186 2412 1236 2457 R;
1262 2413 1369 2448 huius
1392 2413 1470 2448 loco
1495 2413 1674 2456 ascriptae
1699 2416 1782 2446 sunt

121 2467 250 2502 codicis
274 2467 309 2502 N
333 2468 592 2513 discrepantiae
696 2473 736 2505 15
760 2467 994 2516 μιθρηδάτου
1017 2469 1077 2504 LO
1195 2472 1234 2504 16
1260 2466 1367 2511 ἔνθα]
1392 2466 1485 2505 ἔνθα
1511 2465 1551 2513 δὴ
1578 2468 1604 2502 C
1696 2463 1780 2504 'Iov-

121 2524 238 2566 δαίας]
263 2523 426 2559 idumeae
449 2524 520 2559 Lat
611 2521 807 2562 πιιότατον
832 2526 895 2560 ΡΑ
986 2523 1030 2561 τὸ
1057 2528 1126 2571 τῆσ
1150 2525 1323 2561 ἰουδαίασ
1348 2523 1534 2562 πιότατον
1557 2528 1600 2559 tr.
1626 2525 1695 2559 VN

121 2576 287 2623 φοίνικά]
313 2577 445 2625 φοίκοῖ,
467 2580 489 2616 i.
514 2591 625 2624 marg.
651 2581 768 2625 suppl.
795 2594 828 2616 νι
853 2582 886 2616 Α
987 2579 1140 2628 φοίνικά
1166 2585 1216 2623 τε]
1242 2584 1458 2626 φοινικᾱται
1484 2582 1509 2615 C
1620 2584 1657 2615 17
1684 2578 1780 2626 πάμ-

123 2637 218 2670 πολυ
241 2635 303 2669 ΡΑ
326 2636 558 2681 (palmarum)
583 2637 784 2683 plurimum
814 2637 885 2671 Lat
999 2641 1113 2674 τοῦτο
1138 2657 1181 2662 --
1210 2640 1250 2672 18
1281 2636 1499 2684 ἐκδακρῦον]
1532 2638 1636 2673 cuius
1666 2638 1780 2672 inciso

123 2689 302 2735 lapidibus
331 2692 447 2726 acutis
476 2692 609 2727 robore
639 2692 834 2727 stillantem
866 2693 1051 2729 lacrimam
1083 2704 1133 2728 ex
1168 2693 1378 2729 uulneribus
1417 2693 1593 2739 colliqemt
1621 2693 1692 2727 Lat

126 2747 166 2779 18
190 2746 347 2792 πρέμνα]
363 2747 425 2783 VC
450 2745 549 2792 ἄκρα
575 2748 722 2794 πρέμνα
747 2749 880 2783 PAML
907 2747 1006 2792 ἄκρα
1032 2753 1067 2784 et
1089 2750 1112 2784 i.
1138 2760 1247 2793 marg.
1273 2749 1420 2796 πρέμνα
1438 2750 1491 2793 Ν;
1518 2749 1563 2783 cf.
1589 2750 1674 2784 Ant.
1699 2748 1779 2783 Iud.

123 2799 207 2835 XIV
231 2805 273 2836 54
402 2801 638 2849 συνάγουσιν]
662 2804 796 2839 PAML
822 2806 1038 2852 συλλέγουσι
1063 2805 1159 2839 VNC
1296 2804 1517 2850 ἐκδακρῦον]
1541 2803 1584 2840 ἐκ
1609 2803 1783 2851 δακρύων

123 2855 267 2890 PALN¹
291 2856 544 2905 ἐκδ·ακρύον,
576 2873 596 2895 0
629 2869 672 2894 ex
702 2875 731 2897 ω
756 2871 848 2896 corr.
874 2862 906 2896 V
930 2861 1089 2897 destillat
1118 2861 1248 2897 humor
1279 2861 1439 2896 lacrimis
1461 2860 1618 2907 pulchre
1650 2871 1780 2895 roran-

125 2910 216 2944 tibus
238 2912 316 2955 Heg

1819 479 1896 518 136

1818 749 1894 789 137

1820 1153 1896 1194 138

1819 1425 1896 1465 139
