2039 3251
81 887 117 919 10

80 1225 115 1257 15

503 155 568 190 DE
595 155 754 191 BELLO
780 155 877 191 IUD.
903 156 934 191 V
959 156 1138 190 484-492
1163 158 1209 197 (ΧΙ
1239 162 1265 186 5.
1294 160 1321 187 6.
1348 158 1394 186 ΧΗ
1425 159 1454 196 1)
1730 155 1808 191 501

145 279 238 320 τοῖς
270 269 445 324 σώμασι
476 268 576 319 τους
608 267 794 324 ἐχθροὺς
834 268 1006 311 ἔπαιον.
1069 265 1168 310 οὕτε
1200 267 1246 310 δὲ
1278 267 1419 323 ἔργοις
1461 263 1584 310 αὐτοὶ
1618 269 1754 310 πλέον
1787 261 1810 324 ἢ

146 340 208 393 τῷ
247 341 434 392 θαρρεῖν
474 339 690 394 περιῆσαν
729 337 800 378 καὶ
836 333 1042 390 Ῥωμαῖοι
1082 338 1135 392 τῇ
1173 335 1312 391 τόλμῃ
1354 336 1490 378 πλέον
1529 333 1644 378 εἶκον
1684 329 1709 392 ἢ
1749 338 1811 391 τῷ

145 408 404 448 κακοῦσθαι.

260 476 297 515 6.
339 474 494 529 Παρῆν
528 469 569 514 δ’
607 469 684 528 ἤδη
722 475 853 522 Τίτος
890 467 979 514 ἆπὸ
1012 473 1088 527 τῆς
1114 466 1376 522 Ἀντωνίας,
1418 466 1533 513 ὅπου
1573 467 1809 525 κεχώριστο

146 540 555 594 κατασκεπτόμενος
585 539 726 582 τόπον
750 536 901 589 ἄλλοις
917 539 1106 594 χώμασι,
1140 542 1211 581 καὶ
1234 538 1381 580 πολλὰ
1404 538 1506 588 τοὺς
1538 538 1812 594 στρατιώτας

148 609 391 664 φαυλίσας,
433 607 470 650 εἰ
501 609 759 662 κρατοῦντες
798 612 884 649 τῶν
924 608 1151 660 πολεμίων
1191 608 1346 659 τειχῶν
1386 605 1683 649 κινδυνεύουσι
1719 615 1813 656 τοῖς

149 675 280 725 ἰδίοις
310 677 383 718 καὶ
414 677 799 732 πολιορκουμένων
829 672 1127 728 ὑπομένουσιν
1160 669 1284 716 αὐτοὶ
1316 673 1445 730 τύχην
1472 670 1623 727 ὥσπερ
1647 673 1690 716 ἑκ
1713 674 1812 716 δεσ-

146 747 369 799 μωτηρίου
401 739 508 785 καθ’
547 741 687 785 αὑτῶν
713 739 952 792 Ἰουδαίους
992 737 1187 793 ἀνέντες,
1229 740 1405 797 περιῄει
1444 741 1555 795 μετὰ
1591 744 1678 785 τῶν
1712 741 1812 784 Zm-

148 812 307 853 λέκτων
347 810 456 853 κατὰ
498 808 666 865 πλευρὰ
707 809 810 860 τους
849 811 1091 863 πολεμίους
1133 804 1277 859 αὐτός.
1348 809 1389 851 οἱ
1430 809 1476 851 δὲ
1515 808 1625 851 κατὰ
1667 809 1810 864 στόμα

148 878 386 932 παιόμενοι
425 880 494 921 καὶ
537 876 651 935 πρὸς
689 880 844 920 τοῦτον
882 877 1232 934 ἐπιστραφέντες
1276 876 1545 933 ἐκαρτέρουν.
1613 881 1812 933 μιγείσης

149 946 195 988 δὲ·
217 948 290 1002 τῆς
318 945 608 998 παρατάξεως
630 943 650 987 ὃ
674 945 754 999 μὲν
784 944 1010 1001 κονιορτὸς
1040 947 1127 986 τῶν
1159 940 1383 999 ὀμμάτων,
1416 942 1439 1002 ἡ
1472 943 1631 1002 κραυγὴ
1659 944 1703 986 δὲ
1725 946 1812 985 τῶν

149 1009 292 1056 ἀκοῶν
324 1012 571 1068 ἐπεκράτει,
602 1014 675 1056 καὶ
709 1008 922 1069 οὐδετέρῳ
955 1014 1102 1070 παρῆν
1134 1012 1199 1055 ἔτι
1228 1012 1537 1070 τεκμήρασθαι
1568 1011 1615 1054 τὸ
1652 1010 1812 1067 ἐχθρὸν

152 1073 172 1089 Ἀ
238 1080 247 1094 x
502 1076 513 1091 )
787 1080 797 1094 x
870 1076 880 1091 >
1032 1083 1049 1089 -.ν
1175 1080 1182 1093 ι
1343 1076 1353 1091 )
1403 1076 1413 1090 ³
1482 1079 1492 1093 x
1558 1075 1581 1089 (ι
1705 1075 1716 1089 )

149 1099 168 1123 r
203 1099 251 1123 το
285 1082 448 1137 φίλιον.
510 1080 724 1124 Ιουδαίων
756 1080 802 1123 δε
837 1097 884 1122 οὐ
915 1096 1126 1124 τοσουτον
1159 1082 1224 1124 ἔτι
1259 1098 1337 1123 κατ
1392 1081 1524 1138 αλκην
1557 1095 1661 1122 οσον
1695 1096 1809 1121 απο-

164 1121 169 1137 ι

146 1148 304 1204 γνώσει
327 1152 546 1205 σωτηρίας
572 1147 919 1203 παραμενόντων
940 1150 1013 1191 καὶ
1030 1145 1268 1202 Ῥωμαίους
1290 1147 1503 1191 ἐτόνωσεν
1526 1146 1661 1197 αἰδώς
1684 1146 1812 1204 δόξης

146 1232 192 1258 τε
223 1217 292 1258 καὶ
325 1218 413 1258 τῶν
444 1211 596 1259 ὅπλων
626 1218 697 1259 καὶ
742 1215 1157 1271 προκινδυνεύοντος
1189 1220 1437 1271 Καίσαρος·
1478 1210 1592 1258 ὥστε
1626 1232 1703 1269 μοι
1736 1215 1809 1256 δο-

146 1285 270 1326 κοῦσι
302 1283 355 1326 τὰ
378 1284 607 1327 τελευταῖα
629 1279 688 1327 δι)
716 1281 964 1340 ὑπερβολὴν
995 1286 1154 1338 θυμιῦν
1184 1277 1263 1326 κᾶν
1295 1281 1498 1338 ἁρπάσαι
1519 1282 1567 1326 τὸ
1592 1286 1679 1325 τῶν
1702 1276 1811 1326 Ἰου-

147 1351 285 1394 δαίων
317 1353 514 1409 πλῆθος,
549 1351 586 1394 εἰ
618 1350 675 1407 μὴ
708 1350 786 1406 τὴν
818 1351 960 1409 ῥοπὴν
990 1353 1067 1409 τῆς
1096 1351 1390 1406 παρατάξεως
1421 1351 1681 1408 φθάσαντες
1713 1346 1810 1392 ἆνε-

143 1418 346 1474 χιόρησαν
379 1418 440 1468 εἰς
470 1417 548 1475 τὴν
580 1419 726 1462 πόλιν.
788 1419 1132 1476 διεφθαρμένων
1163 1419 1209 1462 δὲ
1240 1422 1327 1462 τιῦν
1359 1419 1578 1473 χωμάτιον
1605 1418 1809 1473 Ῥωμαῖοι

144 1485 223 1540 μὲν
256 1476 368 1543 ἦσαν
401 1485 444 1528 ἐν
477 1483 696 1540 ἀθυμίαις
726 1485 803 1529 τὸν
833 1486 999 1542 μακρὸν
1038 1486 1234 1541 κάματον
1275 1486 1348 1529 ἐπὶ
1390 1489 1498 1541 μιᾶς
1537 1482 1654 1542 ω’ρας
1695 1482 1811 1528 ἀπο-

145 1554 371 1603 λέσαντες·
405 1555 473 1596 καὶ
507 1555 669 1597 πολλοὶ
690 1554 768 1608 μὲν
789 1564 887 1604 ταῖς
919 1553 1133 1613 συνήθεσι
1164 1563 1378 1612 μηχαναῖς
1409 1550 1662 1612 ἀπήλπιζον
1696 1551 1811 1595 ἆλιό-

145 1625 310 1664 σεσθαι
340 1620 416 1677 τὴν
446 1620 593 1664 πόλιν.

257 1691 352 1733 ΧΠ.
389 1694 424 1732 1.
462 1692 593 1738 Τίτος
624 1688 670 1731 δὲ
690 1688 801 1743 μετὰ
832 1691 921 1731 τῶν
951 1686 1176 1747 ἡγεμόνων
1208 1688 1473 1745 ἐβουλεύετο,
1505 1690 1576 1732 καὶ
1608 1698 1702 1739 τοῖς
1732 1688 1812 1743 μὲν

143 1759 434 1812 θερμοτέροις
463 1758 614 1798 πᾶσαν
646 1755 786 1799 ἐδόκει
825 1756 1099 1814 προσφέρειν
1129 1755 1208 1815 τὴν
1240 1757 1424 1812 δύναμιν
1464 1753 1813 1813 ἀποπειρᾶσθαί

143 1840 191 1866 τε
228 1826 306 1867 τοῦ
344 1828 513 1876 τείχους
550 1828 649 1881 βία·
689 1828 816 1879 μέχρι
853 1826 932 1880 μὲν
970 1824 1053 1880 γὰρ
1094 1827 1168 1867 νῦν
1206 1825 1316 1868 κατὰ
1359 1826 1547 1880 σπάσμα
1582 1821 1813 1875 Ἰουδαίοις

256 2014 797 2060 PAMLVRCLatHegesippus
821 2015 855 2050 V
879 2018 921 2050 20
945 2026 981 2060 p.
1009 2018 1086 2051 319.
1123 2016 1284 2051 Zonaras
1309 2016 1325 2050 Ι
1350 2027 1384 2060 p.
1405 2018 1481 2051 533.

259 2075 273 2105 1
303 2077 385 2113 τοῖς
408 2082 476 2107 om.
503 2071 703 2107 PAMVRC
797 2076 884 2107 τοῐσ
908 2070 1069 2117 έχθροῖσ
1095 2072 1120 2106 C
1219 2067 1254 2108 δ’
1279 2073 1310 2106 L
1413 2075 1432 2106 2
1458 2074 1642 2118 περίησαν
1668 2072 1746 2105 ΡΑι

144 2124 258 2170 εἶκον]
285 2124 388 2174 εἶχον
411 2128 444 2161 Α
513 2131 580 2175 τῷ]
605 2131 673 2165 τοῦ
697 2128 799 2163 ΡΑΜ
869 2131 890 2162 4
915 2129 952 2165 δὲ
975 2128 1075 2163 LVR
1155 2130 1276 2171 Τίτος]
1305 2125 1325 2164 ὃ
1354 2131 1504 2174 Καῖσαρ
1531 2139 1573 2163 ex
1598 2128 1675 2162 cod.
1701 2128 1742 2161 L.
1770 2128 1812 2162 Β.

144 2188 178 2219 et
193 2184 296 2220 Rost.
314 2184 470 2219 Dindorf
538 2179 648 2226 ὅπου]
673 2195 744 2229 quo
762 2185 810 2226 (h.
828 2194 857 2220 e.
878 2178 981 2226 ὅποι)
997 2184 1068 2218 Lat
1138 2188 1157 2219 6
1174 2182 1450 2221 κινδυνεύσουσι
1471 2185 1497 2220 C
1568 2188 1585 2218 ἵ
1604 2185 1721 2226 ἰδίοις]
1739 2183 1811 2220 ἰου-

144 2241 266 2277 δαίοισ
282 2240 346 2274 PA
415 2243 433 2274 8
461 2237 604 2276 ἑαυτῶν
620 2240 650 2274 L
669 2235 794 2276 αὐτῶν
810 2241 843 2276 V
906 2243 924 2275 9
943 2237 1108 2287 πλευρὰν
1124 2240 1203 2276 A¹C
1265 2247 1351 2278 τοῖσ
1367 2242 1570 2286 πολεμιόισ
1588 2241 1614 2276 C
1679 2243 1719 2275 10
1737 2238 1813 2276 ἐπι-

145 2296 379 2344 στρέφοντεσ
404 2296 467 2330 PA
541 2299 580 2330 12
604 2293 803 2343 ἐπεκρότει
828 2296 865 2329 Μ
936 2294 1004 2332 τὸν
1028 2295 1173 2343 ἐχθρὸν
1197 2297 1226 2331 L
1306 2300 1342 2331 13
1371 2295 1415 2333 τὸ
1442 2299 1580 2344 φίλιον]
1606 2293 1675 2332 τὸν
1699 2297 1812 2341 φίλον

145 2352 174 2386 L
199 2349 243 2389 τὸ
270 2353 385 2399 φίλον
408 2351 505 2387 VRC
621 2352 669 2394 δὲ]
696 2353 765 2397 μὲν
789 2363 832 2387 ex
857 2353 895 2389 δὲ
920 2364 1011 2388 corr.
1039 2354 1073 2388 A
1188 2351 1411 2399 οἷπόγνωσισ
1434 2353 1463 2387 L
1584 2356 1623 2387 14
1647 2355 1711 2388 καὶ
1728 2349 1813 2389 Ῥω-

144 2410 290 2453 μαίους]
315 2407 514 2454 ῥωμαίουσ
537 2408 576 2445 δὲ
599 2409 632 2442 Α
727 2412 767 2443 15
793 2422 833 2445 τε
858 2420 927 2444 om.
952 2409 982 2443 L
1076 2412 1153 2445 τῶν
1177 2421 1246 2446 om.
1271 2410 1312 2445 M
1388 2413 1427 2445 16
1452 2406 1536 2451 κᾶν]
1560 2412 1623 2445 καὶ
1648 2409 1745 2444 PVR

146 2461 327 2511 ἁρπάσαι]
353 2458 446 2501 ὅλον
470 2460 640 2510 ἁρπάσαι
658 2464 904 2500 MLVRCLat
928 2458 1031 2501 ἅπαν
1055 2461 1226 2511 ἁρπάσαι
1244 2466 1419 2502 Destinon
1443 2461 1662 2512 α’ναρπάσαι
1688 2465 1813 2510 Niese3

146 2522 192 2557 cf.
216 2522 252 2556 Π
276 2525 340 2557 550
413 2524 453 2555 17
480 2516 701 2569 άνεχώρουν
726 2521 754 2555 L
828 2524 868 2556 19
892 2521 1082 2565 κάματον]
1106 2519 1204 2559 κατὰ
1231 2519 1301 2559 τὸν
1327 2522 1352 2557 C
1422 2518 1692 2559 άπωλέσαντεσ
1718 2522 1744 2557 C

147 2580 188 2612 20
213 2581 308 2620 ταῖς]
333 2583 421 2614 ταῖσ
444 2590 485 2613 τε
510 2577 540 2611 L
629 2579 652 2613 i.
678 2589 788 2622 marg.
815 2575 877 2613 λα’
905 2578 930 2612 C
1024 2581 1064 2612 23
1090 2576 1212 2615 ἐδόκει
1237 2582 1366 2615 πᾶσαν
1389 2582 1431 2613 tr.
1457 2579 1488 2614 L
1579 2578 1813 2626 προσφέρειν

148 2630 214 2679 τὴν
245 2632 397 2678 δύναμιν
428 2629 721 2681 ἀποπειρᾶσθαί
752 2637 806 2676 τε]
838 2631 1138 2680 προσαγαγόντα
1163 2631 1231 2680 τὴν
1255 2632 1409 2679 δύναμιν
1440 2632 1729 2681 οἷποπειρᾶσθαι
1752 2634 1812 2669 LC

150 2689 247 2724 omni
270 2690 416 2724 admoto
447 2690 557 2725 milite
587 2691 627 2725 ui
653 2702 778 2726 muros
808 2691 972 2736 eoeperz'ri
997 2691 1067 2725 Lat
1099 2688 1310 2737 προσάγειν
1340 2689 1408 2736 τὴν
1443 2690 1599 2736 δύναμιν
1629 2694 1694 2728 καὶ
1719 2687 1812 2728 εἷπο-

150 2748 355 2792 πειρᾶσθαι
378 2746 455 2780 Zon
560 2749 603 2781 24
626 2748 706 2797 βίᾳ]
730 2749 818 2794 βίωι
843 2748 869 2782 C
938 2747 1007 2791 μὲν
1031 2757 1098 2781 om.
1124 2748 1158 2781 A
1226 2747 1325 2785 κατὰ
1352 2745 1507 2792 σπάσμα
1534 2769 1575 2773 —-
1602 2751 1697 2790 502,1
1726 2761 1812 2792 ova<

150 2801 371 2846 πεπλέχθαι]
395 2801 544 2837 iudaeos
568 2814 648 2838 cum
671 2804 856 2839 exercitus
878 2807 986 2849 parte
1011 2802 1200 2838 dimicasse
1224 2803 1294 2839 Lat
1384 2802 1483 2842 κατὰ
1509 2802 1680 2849 σπάσμα]
1698 2801 1812 2840 κατά-

151 2867 305 2900 σπασμα
329 2857 468 2892 MLVR
492 2857 787 2904 κατασπάσματι
812 2859 838 2894 C
863 2856 1104 2903 ἀπόσπασμα
1128 2858 1252 2894 Naber
1342 2858 1544 2903 Ἰουδαίοις]
1569 2861 1760 2898 ἰουδαίουσ
1784 2860 1811 2893 Ρ

152 2909 335 2947 ιὀυδαίοισ
359 2915 428 2958 τῆσ
454 2918 638 2960 στρατιᾱσ
661 2915 731 2949 ML
757 2915 948 2951 ἰουδαίουσ
972 2917 1040 2961 τῆσ
1066 2917 1250 2961 στρατιᾶσ
1273 2915 1447 2952 VRCLat

1843 269 1922 310 485

1842 472 1923 512 486

1843 810 1922 851 487

1844 1082 1922 1122 488

1841 1217 1921 1256 489

1842 1421 1923 1461 490

1844 1691 1921 1731 491

1844 1826 1925 1866 492
