2039 3282
855 157 1043 192 Praefatio.
1736 156 1781 189 111

120 275 249 327 igitur
272 275 461 318 codicem
485 275 651 327 generis
676 273 749 314 VR
770 287 862 314 cum
888 273 983 314 aliis
1016 273 1300 324 commixtum,
1333 273 1455 314 aliter
1485 277 1623 314 tamen
1655 278 1781 327 atquc

120 342 161 382 in
186 342 391 385 Vossiano
415 346 455 383 et
476 340 814 394 Rostgaardiano
837 341 992 383 factum
1015 346 1089 382 est.
1138 344 1358 394 praeterea
1379 345 1519 382 autem
1542 341 1577 382 si
1610 341 1779 394 quidem

119 408 411 463 Hauerkampi
452 410 664 463 excerptis
703 408 829 461 fides,
869 408 996 450 tantis
1033 413 1095 450 est
1127 410 1302 450 refertus
1335 409 1471 462 uitiis,
1509 413 1552 449 ut
1583 412 1779 463 perparui

117 490 211 518 eum
245 476 488 519 habendum
521 490 614 519 esse
644 475 903 530 appareat¹).

230 544 345 585 Nulli
364 545 438 586 alii
457 544 593 587 codici
617 545 741 586 certis
763 543 1022 597 argumentis
1044 543 1217 595 adiungi
1240 547 1380 596 potest
1411 542 1625 582 Vaticanus
1641 542 1778 593 983²),

117 615 301 653 ceterum
342 613 414 654 uix
453 612 750 654 memorabilis.
813 611 883 664 qui
923 611 980 652 IV
1023 612 1126 651 1-8
1167 611 1254 651 fere
1287 610 1442 663 ubique
1475 612 1656 652 concinit
1686 624 1780 653 cum

116 678 246 732 VRC;
287 679 384 722 dein
426 694 464 733 p.
500 683 593 732 346,
626 682 649 719 0
691 693 773 721 non
810 678 1117 730 Σεμεχωνιτῶν
1160 676 1333 718 exhibet
1372 678 1446 719 sed
1487 680 1778 731 acescaqufiv,

115 746 229 799 quod
269 760 379 789 nunc
419 748 494 788 VR
535 752 574 788 et
613 747 714 800 Lips
755 746 912 788 habent
951 746 992 786 in
1033 745 1246 797 margine3
1288 745 1472 798 itemque
1512 759 1552 798 p
1594 748 1777 797 347,1.’»

114 827 207 855 cum
239 815 294 855 R¹
338 814 465 856 habet
505 829 575 854 sce
576 812 803 853 warmunt.
854 812 997 865 paullo
1031 811 1138 852 infra
1168 825 1208 864 p.
1242 812 1337 864 318,
1377 812 1421 851 13
1455 812 1627 855 exhibet
1666 807 1703 853 0'
1700 829 1777 865 εει)

113 898 134 921 s)
193 876 391 937 ἂ]ἰ’()1ῗ2άῖ1
448 877 957 938 21Jgs6028(1)g76t0·¹0<;
1001 893 1069 933 12’
1130 872 1204 932 ἐφ
1256 872 1304 917 Οὗ
1350 893 1398 917 To
1449 881 1551 930 Τῦὲίί
1548 895 1653 921 cvm
1706 896 1775 921 καί

115 949 295 990 (ἳεκατον
336 947 701 1002 σιραῑοπεὸεικει
741 945 884 1000 τάγμα
916 959 1008 988 cum
1042 945 1089 986 V¹
1127 951 1168 987 et
1198 958 1308 987 man.
1345 949 1362 986 1
1398 946 1512 1000 Lips
1546 948 1619 988 sed
1653 948 1776 989 inter-

114 1016 213 1058 dum
256 1017 296 1057 in
336 1018 462 1058 aliam
505 1022 666 1071 partem
707 1015 832 1067 abiit3
875 1026 971 1054 nam
1013 1026 1053 1066 p.
1097 1015 1191 1066 347,
1237 1016 1284 1052 17
1325 1026 1417 1055 cum
1457 1014 1566 1054 PAL
1606 1014 1779 1057 exhibet

114 1074 163 1138 ἧν
206 1079 470 1136 ἆτὲίχιστος,
511 1080 531 1123 ὃ
573 1081 619 1123 ὑὲ
657 1078 794 1136 ὑπὲρ,
838 1085 879 1123 et
919 1080 1109 1122 eiusdem
1150 1081 1333 1133 paginae
1373 1094 1411 1122 u.
1446 1083 1469 1121 9
1501 1080 1611 1121 κατὰ
1644 1082 1777 1122 πλευ-

114 1149 193 1204 ρὰν
223 1151 267 1192 ὁὲ
303 1146 609 1205 εὐπρόσωπον,
642 1150 754 1203 quod
785 1149 1042 1202 reliquorum
1073 1148 1225 1189 nullus.
1277 1148 1444 1191 accedit
1475 1150 1586 1202 quod
1619 1163 1659 1203 p.
1683 1153 1776 1201 4455,

115 1222 137 1259 8
165 1219 272 1262 haec
304 1219 447 1261 habet:
479 1215 707 1273 γονορήοις
738 1215 816 1269 μὲν
847 1213 929 1270 γὰρ
963 1215 1033 1256 καὶ
1068 1215 1250 1267 λεπροῖς
1280 1212 1305 1271 ἡ
1338 1215 1470 1265 πόλις
1501 1210 1577 1272 ὅλη
1612 1213 1698 1268 εἶχε
1728 1217 1775 1256 τὸ

114 1285 325 1340 διεῖργον,
371 1286 582 1339 γυναικῶν
625 1283 670 1325 δὲ
712 1281 920 1337 ἐμμήνοις
962 1277 1299 1333 anomalam,
1340 1288 1385 1325 ut
1415 1284 1461 1326 L.
1519 1287 1675 1327 mixtus
1716 1294 1778 1327 est

114 1355 238 1408 igitur
260 1367 312 1395 ex
335 1353 497 1395 duobus
520 1351 713 1394 codicum
735 1351 961 1405 generibus
984 1356 1056 1392 aut
1077 1364 1129 1392 ex
1152 1350 1298 1393 codice
1322 1355 1509 1394 correcto
1540 1352 1777 1405 descriptus

110 1422 350 1474 similisque
383 1420 549 1462 uidetur
580 1419 854 1461 Coisliniano.

224 1488 330 1530 Fere
353 1487 503 1530 eadem
527 1500 619 1530 esse
641 1487 808 1528 uidetur
830 1485 1024 1529 condicio
1049 1485 1256 1526 Marciam·
1275 1484 1416 1535 3823),
1449 1487 1502 1529 de
1528 1500 1609 1541 quo
1640 1500 1778 1541 pauca

110 1555 194 1598 dici
210 1560 396 1609 possunt.
428 1568 468 1608 p.
490 1557 554 1609 36,
583 1558 625 1594 15
646 1554 773 1596 habet
792 1552 981 1607 ἐπόρθει
1000 1553 1045 1595 δὲ
1062 1554 1135 1595 καὶ
1153 1551 1207 1594 ’τὰ
1223 1555 1326 1607 περὶ
1346 1554 1512 1595 πέλλαν
1534 1549 1612 1595 κᾶν
1634 1553 1775 1595 τούτω

112 1620 156 1661 δὲ
178 1623 451 1663 κακοπαθῶν
473 1636 567 1664 cum
590 1622 736 1663 LVRC
759 1626 800 1663 et
821 1635 860 1675 p.
885 1623 980 1675 465,
1004 1622 1028 1661 8
1050 1620 1280 1677 γονοριίοις
1301 1621 1380 1675 μὲν
1408 1621 1457 1678 δὴ
1490 1623 1561 1663 καὶ
1595 1623 1776 1676 λεπροῖς

110 1684 133 1744 ἡ
166 1687 299 1738 πόλις
330 1685 421 1731 ἕλει
455 1686 539 1742 εἶχε
570 1687 618 1730 τὸ
655 1688 856 1743 διεῖργον,
893 1690 1106 1742 γυναικῶν
1140 1688 1185 1730 δὲ
1218 1687 1427 1744 ἐμμήνοις
1460 1686 1774 1731 ἀποκέκλειστο

109 1769 202 1798 cum
223 1757 269 1798 L.
321 1762 362 1799 et
393 1759 593 1811 quoniam
624 1757 739 1799 idem
771 1756 978 1810 reperitur
1008 1757 1050 1797 in
1077 1756 1282 1799 Vaticano
1314 1758 1395 1798 983
1428 1761 1469 1800 61
1500 1757 1774 1810 Coisliniano,

110 1836 203 1866 cum
240 1823 306 1866 his
338 1825 577 1867 Marcianus
608 1825 786 1867 fortasse
818 1824 989 1866 maioris
1020 1824 1345 1866 necessitudinis
1377 1825 1547 1868 uinculo
1579 1825 1774 1867 coniunc-

106 1895 171 1933 tus
202 1896 275 1934 est.

463 2030 486 2076 ξ
524 2030 565 2067 11
603 2026 657 2068 de
688 2025 877 2067 familiae
907 2027 1057 2068 tertiae
1090 2026 1153 2077 (C)
1185 2026 1416 2069 codicibus.

221 2127 398 2170 Plurimi
420 2133 515 2171 sunt
537 2127 706 2170 codices
729 2141 782 2169 ex
815 2127 964 2169 eadem
997 2128 1126 2180 stirpe
1158 2127 1339 2180 oriundi,
1372 2141 1425 2170 ex
1457 2142 1539 2182 qua
1562 2129 1612 2182 C3
1645 2128 1772 2171 habe-

107 2207 197 2237 mus
229 2196 340 2237 enim
371 2196 556 2249 quinque
588 2195 823 2248 Parisinos,
855 2208 944 2237 nro.
982 2196 1100 2248 1423,
1137 2197 1255 2248 1426,
1292 2197 1411 2248 1427,
1450 2198 1567 2249 1428,
1605 2197 1771 2250 14294),

107 2260 261 2304 deinde
302 2262 566 2305 Medicaeum
613 2276 639 2303 a
675 2262 914 2304 Cardvvello
955 2262 1154 2304 collatum
1174 2264 1217 2315 ⁵),
1261 2263 1511 2304 Vaticanum
1552 2264 1633 2304 984
1677 2276 1770 2305 cum

107 2327 512 2384 Hennebergensffl),
545 2329 887 2372 Busbeckianum
905 2332 946 2382 τ),
979 2330 1295 2372 Berolincnsem
1323 2329 1505 2383 denique
1528 2334 1568 2371 61
1587 2329 1770 2383 Redige—

107 2396 312 2449 ranum5>)‚
345 2410 521 2450 quorum
544 2398 827 2451 antiquissimi
858 2403 952 2439 sunt
974 2397 1156 2439 Parisini
1182 2398 1286 2438 1429
1310 2401 1352 2439 61
1381 2399 1499 2438 1427.
1550 2396 1594 2438 hi
1625 2411 1771 2440 omnes

105 2474 230 2504 unam
257 2467 471 2518 tamquam
503 2464 708 2507 familiam
740 2464 939 2517 efficiunt,
977 2465 1096 2506 cuius
1127 2465 1343 2518 proprium
1375 2469 1450 2516 est,
1483 2469 1528 2506 ut
1557 2478 1623 2507 res
1655 2466 1769 2518 capi-

106 2529 267 2570 tulatim
282 2531 364 2572 sint
380 2531 544 2574 diuisae
560 2532 738 2574 adiectis
755 2533 953 2584 numeris,
971 2544 1193 2584 rerumque
1209 2532 1370 2574 indices
1395 2533 1466 2573 uni
1488 2534 1638 2586 cuique
1660 2535 1769 2576 libro

106 2594 401 2651 praefigantur,
420 2600 491 2652 qui
509 2600 679 2653 quidem
697 2613 723 2641 a
740 2600 841 2642 solis
854 2599 1046 2642 Parisino
1068 2600 1173 2639 ’1426
1192 2603 1232 2641 61
1248 2599 1513 2641 Berolinensi
1530 2605 1571 2641 et
1586 2601 1768 2655 Redige-

220 2686 251 2724 1)
277 2695 311 2728 p.
341 2689 414 2729 158,
441 2690 482 2721 20
508 2690 600 2722 teste
624 2687 904 2722 Montefalconio
929 2697 1001 2722 non
1025 2687 1260 2733 κατημέλουν
1285 2687 1347 2721 sed
1370 2684 1636 2732 κατεφρόνουν
1659 2689 1770 2723 tradit

106 2742 141 2770 61
163 2748 198 2781 p.
226 2741 300 2781 160,
330 2743 368 2774 12
393 2752 465 2777 non
489 2738 656 2790 ἀκρατής
680 2744 743 2779 sed
767 2739 971 2789 ἀκροατής,
997 2753 1090 2786 quae
1114 2747 1197 2778 sunt
1221 2748 1344 2787 aperte
1368 2743 1509 2778 uitiosa.
1627 2747 1660 2786 2)
1684 2745 1767 2779 uide

107 2801 216 2836 supra
238 2805 274 2838 p.
298 2795 419 2832 XVIII
444 2808 521 2833 nro.
548 2801 601 2834 25.
695 2802 729 2841 3)
756 2800 837 2834 uide
861 2810 970 2844 supra
994 2811 1030 2844 p.
1053 2799 1173 2835 XVIII
1198 2810 1275 2834 nro.
1302 2802 1356 2833 27.
1472 2802 1506 2842 4)
1533 2799 1615 2834 uide
1639 2811 1673 2844 p.
1699 2801 1767 2834 XV

104 2857 180 2882 nro.
209 2852 349 2885 16—20.
514 2857 546 2896 5)
570 2854 651 2889 uide
675 2866 709 2899 p.
735 2855 806 2889 XII
830 2866 907 2890 nro.
936 2858 988 2891 10.
1129 2859 1161 2897 6)
1186 2866 1220 2900 p.
1246 2855 1352 2890 XVII
1376 2866 1452 2890 nro.
1481 2858 1521 2890 25
1547 2859 1583 2890 61
1609 2859 1662 2892 30.

108 2908 141 2946 7)
167 2918 200 2950 p.
227 2904 348 2941 XVIII
372 2919 448 2943 nro.
476 2912 517 2944 29
646 2913 678 2952 8)
703 2922 737 2955 p.
763 2911 816 2945 XI
840 2922 915 2946 nro.
943 2914 973 2953 8,
998 2923 1034 2956 p.
1061 2911 1163 2947 XVII
1189 2922 1265 2947 nro.
1292 2915 1345 2946 23.

1443 2968 1493 3002 d*
