2018 3236
215 182 294 219 596
637 174 703 208 DE
729 172 886 206 BELLO
912 171 1008 205 um.
1034 169 1102 204 vu
1131 171 1305 203 195—202
1329 169 1376 211 (v1
1404 172 1435 209 4)

108 298 185 338 196
216 312 289 349 κην
331 291 543 344 ἐπέστησε
580 293 673 333 τοῖς
699 283 942 331 Ιοιδαίοις.
996 272 1096 338 ἦν
1079 298 1122 323 εν
1153 289 1246 330 τοῖς
1277 282 1665 334 πολιορκουμένοις
1695 283 1868 328 νεανίας

215 360 430 412 τολμῆσαί
449 370 495 396 τε
518 350 697 432 θρασμς
726 352 798 392 καὶ
829 347 939 391 κατὰ
967 357 1092 403 χεῖρα
1123 347 1397 404 δραστήριος,
1423 343 1676 401 Ἐλεάζαρος
1706 361 1866 399 ονομα·

111 432 187 471 197
219 425 383 481 γεγόνει
406 423 451 464 δὲ
485 435 609 469 οιτος
641 418 684 460 ἐν
714 427 811 467 ταῖς
843 415 1072 471 ἐκδρομαῖς
1104 414 1325 471 ἐπιφανὴς
1355 430 1456 464 τους
1488 413 1679 463 πολλοὺς
1710 413 1869 463 ἐξιέναι

213 510 284 533 και
315 488 494 531 κωλύειν
526 504 571 542 τ’
582 504 603 527 ν
630 487 766 538 χῶσιν
799 484 1068 539 παρακαλῶν
1099 482 1171 523 καὶ
1201 480 1310 523 κατὰ
1341 480 1421 530 τὰς
1450 480 1591 535 μάχας
1622 480 1766 523 πολλὰ
1795 483 1866 522 καὶ

217 555 336 599 δεινὰ
368 554 468 604 τοὺς
494 551 731 606 Ρωιιαίους
764 552 1003 601 διατιθείς.
1035 557 1128 598 τοῖς
1160 548 1205 590 δὲ
1237 547 1314 590 σίν
1345 546 1464 603 αι”τῶ
1494 548 1713 601 τολιιῶσιν
1744 547 1870 590 ἐπεκ-
1901 557 1918 588 5

217 627 380 677 τρέχειν
403 623 456 678 ῥ(.
447 622 558 663 δίαν
579 620 657 673 μὲν
678 637 756 676 την
778 616 1030 673 προσῖολὴν
1057 618 1304 669 τιθέμενος,
1337 589 1561 657 ἀκίνδυνον
1593 615 1638 657 δὲ
1669 618 1871 692 παρέχων

112 696 188 737 198
221 708 297 746 τηι
340 686 611 744 ἀναχώρησιν
649 689 712 728 τῶ
750 687 998 734 τελειταῑος
1039 679 1232 726 απιέναι.
1289 684 1359 725 καὶ
1403 682 1453 740 δή
1490 699 1600 724 ποτε
1630 684 1706 738 τῆς
1734 682 1873 738 μάχης

219 760 522 812 διακριθείσης
550 756 620 796 καὶ
652 757 878 809 γεγονιίας
911 748 1172 832 ἀμφοτέρων
1203 746 1520 805 ἀναχωρήσεως
1553 745 1683 798 αυτὸς
1714 745 1789 791 άτε
1820 748 1870 806 δὴ

218 825 498 880 περιφρονῶν
542 823 613 863 καὶ
654 821 840 875 νομίζων
880 815 955 861 οὐκ
994 836 1045 861 αν
1087 817 1152 860 ε’τι
1190 820 1276 859 τῶν
1314 818 1541 871 πολεμίων
1580 812 1735 859 ουδένα
1773 817 1874 858 τότε

219 907 354 947 μαχης
377 887 534 946 α’ρξειν,
566 893 718 943 μείνας
739 890 825 929 τῶν
850 888 1001 929 πυλῶν
1033 885 1114 935 ε’ξω
1145 893 1238 934 τοῖς
1270 884 1345 926 ἐπὶ
1375 886 1453 926 τοῦ
1483 888 1650 937 τείχους
1681 883 1873 926 διελάλει
1904 890 1940 922 10

110 963 186 1003 199
218 960 287 1000 καὶ
329 960 420 1007 πᾶς
458 956 572 1012 πρὸς
613 955 794 1005 ἐκείνοις
831 954 909 1009 τὴν
950 953 1150 996 διάνοιαν
1189 943 1252 1008 ἦν.
1311 948 1394 1008 δρᾷ
1434 950 1480 992 δὲ
1509 950 1585 993 τὸν
1615 950 1767 1005 καιρὸν
1797 953 1874 993 τοῦ

215 1024 449 1079 Ῥωμαϊκοῦ
479 1040 546 1074 τις
578 1022 879 1078 στρατοπέδου
908 1018 1105 1076 Ῥοῦφος,
1137 1022 1259 1074 γένος
1289 1018 1556 1074 Αἰγύπτιος,
1587 1019 1657 1060 καὶ
1690 1017 1874 1074 μηδενὸς

219 1088 272 1136 ἶῖν
295 1091 679 1147 προσδοκήσαντος
701 1089 909 1145 ἐξαίφνης
931 1086 1188 1141 ἐπιδραμών
1210 1086 1286 1128 σὺν
1316 1082 1465 1135 αὐτοῖς
1497 1081 1712 1140 ἀράμενος
1743 1081 1875 1127 αὐτὸν

219 1171 313 1210 τοῖς
351 1156 529 1209 όπλοις.
571 1159 651 1207 ἕως
689 1165 858 1209 κατεῖχε
896 1155 997 1205 τοὺς
1029 1150 1118 1196 άπὸ
1152 1156 1237 1195 τῶν
1268 1155 1420 1206 τειχῶν
1452 1149 1626 1202 ἰδόντας
1657 1152 1874 1208 ἔκπληξις,

111 1231 191 1271 200
224 1228 391 1285 φθάνει
430 1226 506 1269 τὸν
549 1222 684 1279 ἄνδρα
719 1225 934 1277 μεταθεὶς
964 1221 1078 1277 πρὸς
1107 1221 1155 1263 τὸ
1184 1218 1405 1274 Ρωμαίων
1438 1219 1750 1275 στρατόπεδον.
1801 1236 1877 1262 τοι
1908 1226 1944 1258 15

221 1296 266 1337 δε
290 1295 529 1377 στρατηγοῦ
550 1292 832 1341 κέλευσαντος
862 1289 1023 1345 γυμνὸν
1055 1289 1280 1343 διαλαβεῖν
1314 1284 1444 1330 αὐτὸν
1473 1289 1546 1330 καὶ
1575 1287 1876 1342 καταστήσαν-

219 1380 298 1412 τας
319 1379 382 1412 εις
402 1361 450 1404 τὸ
484 1360 793 1418 φανερώτατον
824 1367 917 1407 τοῖς
949 1357 993 1399 5A
1022 1358 1099 1411 τῆς
1131 1355 1304 1404 πόλεως
1336 1350 1645 1408 ἀποβλέπουσι
1675 1353 1877 1408 μάστιξιν

223 1430 493 1480 αἰκίζεσθαι,
538 1427 710 1483 σφόδρα
749 1425 851 1475 τοίς
884 1422 1122 1472 Ιοιδαίους
1159 1421 1208 1465 τὸ
1251 1423 1351 1476 περὶ
1395 1420 1471 1464 τὸν
1511 1425 1685 1464 νεανίαν
1725 1420 1878 1470 πάθος

223 1501 428 1550 συνέχεεν,
462 1492 611 1547 άθρόα
632 1510 679 1535 τε
698 1491 723 1551 ἡ
749 1493 881 1541 πόλις
904 1489 1125 1547 ἀνῴμωξε,
1157 1491 1229 1532 καὶ
1251 1491 1416 1544 θρῆνος
1439 1486 1491 1544 ἠν
1520 1488 1678 1543 μείζων
1709 1481 1735 1546 ἢ
1765 1484 1873 1530 καθ’

114 1567 191 1606 201
227 1563 321 1613 ἑνὸς
361 1559 518 1616 ἀνδρὸς
554 1560 797 1617 σιμφοράν.
848 1562 976 1601 τοῦτο
1010 1556 1196 1600 συνιδών
1227 1554 1248 1598 5
1284 1556 1460 1606 Βάσσος
1490 1555 1599 1597 κατὰ
1630 1557 1716 1597 τῶν
1748 1556 1880 1597 πολε·
1909 1563 1946 1595 20

224 1635 336 1684 μίων
378 1626 508 1685 ἀρχὴν
540 1628 782 1682 ἐποιήσατο
816 1625 1192 1682 στρατηγήματος,
1233 1626 1305 1666 καὶ
1335 1624 1575 1679 βουληθεὶς
1605 1618 1749 1665 αἰτῶν
1780 1622 1878 1665 ἔπι-

223 1707 362 1740 τεῖναι
401 1696 449 1739 τὸ
490 1697 743 1750 περιαλγές,
782 1694 855 1735 ἵνα
892 1694 1147 1745 βιασθῶσιν
1189 1687 1284 1733 ἀντὶ
1324 1693 1400 1747 τῆς
1440 1694 1658 1747 σωτηρίας
1694 1685 1879 1743 τάνδρὸς

227 1765 510 1820 ποιήσασθαι
549 1764 627 1804 τοῦ
669 1764 882 1817 φρουρίου
921 1759 1190 1811 παράδοσιν,
1230 1760 1306 1814 τῆς
1339 1757 1519 1806 ἐλπίδος
1551 1753 1599 1799 οὗ
1631 1757 1877 1811 διήμαρτεν.

115 1835 196 1874 202
228 1829 350 1885 ὁμὲν
371 1831 451 1887 γὰρ
483 1828 725 1883 προσέταξε
755 1825 1082 1882 καταπηγνύναι
1114 1824 1302 1879 σταυρὸν
1333 1821 1391 1873 ῶς
1422 1820 1577 1865 αὐτίκα
1605 1825 1771 1878 κρεμῶν
1802 1821 1879 1865 τὸν

220 1895 484 1953 Ἐλεάζαρον,
517 1905 609 1945 τοῖς
633 1895 678 1937 δὲ
709 1891 797 1936 ἀπὸ
832 1895 909 1936 τοῦ
940 1896 1151 1949 φρουρίου
1181 1894 1310 1933 τοῦτο
1344 1893 1640 1944 θεασαμένοις
1671 1887 1800 1947 ὀδύνη
1831 1906 1878 1932 τε
1908 1897 1945 1929 25

338 2074 568 2110 PAMLVRC
578 2074 647 2107 Lat
659 2073 819 2107 Zonaras
836 2072 851 2105 I
869 2083 903 2115 p.
924 2074 1001 2105 555.

340 2136 358 2165 2
384 2131 580 2176 τολμῆσαί]
605 2123 724 2174 τόλμη
748 2128 855 2162 LZon
980 2123 1209 2172 δραστήριοσ
1233 2122 1318 2161 ἕλεά
1334 2124 1340 2167 Ι
1356 2126 1476 2169 ζαροσ
1503 2121 1642 2168 ὄνομα,
1679 2124 1745 2157 litt.
1771 2121 1881 2169 ήριοσ

226 2186 285 2223 ἕλε
318 2187 451 2231 suppl„
482 2181 630 2230 α’ζαροσ
663 2183 785 2228 ὄνομα
816 2184 838 2218 i.
863 2193 933 2217 ras.
969 2182 1110 2217 circiter
1144 2184 1163 2215 6
1188 2181 1256 2216 litt.
1283 2181 1310 2214 P
1450 2175 1626 2223 Ἐλεάζαρ
1650 2179 1707 2214 hic
1733 2184 1766 2212 et
1790 2179 1882 2213 infra

226 2244 301 2277 Zon
394 2247 412 2275 3
432 2237 466 2277 δ’
484 2242 544 2276 LC
637 2234 759 2281 οὗτος]
787 2234 906 2275 αὐτὸσ
922 2238 951 2271 L
1045 2241 1062 2271 5
1090 2234 1156 2273 τοὺ
1169 2251 1183 2267 *
1202 2251 1217 2267 *
1230 2236 1263 2280 *l
1292 2237 1430 2280 μαίουσ
1447 2235 1474 2269 Ρ
1566 2237 1753 2271 διατεθεὶσ
1771 2235 1796 2270 C

228 2301 427 2343 τολμῶσιν,
452 2310 487 2333 σι
511 2309 538 2332 s.
566 2296 592 2330 C
715 2294 965 2339 ἐπεκτρέχειν]
990 2291 1105 2329 ἐπεκ*
1120 2307 1135 2324 *
1150 2293 1182 2337 *Ι
1200 2306 1281 2338 χειν
1305 2293 1332 2326 Ρ
1359 2291 1559 2337 ἐκτρέχειν,
1582 2292 1604 2326 i.
1629 2302 1738 2335 marg.
1764 2291 1880 2335 suppl.

227 2354 275 2390 ἐπ
298 2355 330 2387 Α
453 2357 470 2387 7
497 2356 562 2400 τῷ]
589 2349 633 2388 τὸ
659 2352 686 2386 Ρ
807 2350 969 2391 ἀπιέναι]
994 2345 1173 2386 damma
1199 2349 1226 2382 P
1251 2344 1402 2385 οἷπεΐναι
1428 2347 1561 2382 MVRO
1682 2350 1701 2381 9
1725 2349 1786 2383 καὶ
1813 2357 1881 2382 om.

229 2410 297 2444 Lat
404 2413 436 2443 11
466 2407 638 2445 5'A51'vov0
661 2406 795 2442 MVRC
911 2403 981 2441 τὸν
1003 2405 1152 2451 καιρὸν]
1178 2400 1295 2440 αὐτὸν
1320 2405 1381 2439 ‘clo
1405 2403 1431 2437 C
1550 2406 1588 2437 12
1614 2417 1667 2445 τις
1693 2413 1760 2438 om.
1787 2403 1813 2436 C

223 2461 392 2509 Ῥοῦφος]
421 2464 505 2510 ροῦ]
522 2479 537 2494 21<
556 2478 571 2494 *
590 2478 604 2494 ἣν
632 2463 659 2497 P
815 2464 854 2496 13
879 2459 1076 2507 ἐξαίφνησ,
1101 2459 1182 2503 ἐξαί
1206 2470 1307 2495 euan.
1334 2460 1360 2493 P
1521 2454 1714 2505 ἀράμενον
1738 2458 1765 2492 Ρ
1791 2456 1882 2505 ἆρά-

229 2533 357 2565 μενοσ,
382 2533 404 2555 σ
429 2530 471 2554 ex
497 2533 516 2555 ν
542 2529 631 2553 corr.
658 2518 684 2552 C
779 2513 904 2553 αὐτῶν
927 2517 960 2551 V
1072 2520 1111 2552 14
1135 2522 1215 2558 τοῖς
1239 2527 1306 2550 om.
1333 2515 1359 2549 C
1477 2508 1581 2550 3712*
1600 2529 1615 2545 *
1633 2529 1649 2545 *
1665 2512 1741 2550 ἕωσ
1766 2515 1793 2548 P

230 2574 389 2622 ἔκπληξ*
404 2576 439 2619 *l
465 2573 602 2620 φθάνει
626 2574 653 2608 Ρ
764 2575 802 2606 15
827 2575 1048 2616 μετατιθεὶσ
1072 2573 1134 2607 PA
1225 2569 1334 2617 πρὸς]
1361 2573 1417 2608 εἰσ
1440 2571 1470 2605 L
1563 2569 1736 2614 ῥωμαῖον
1760 2570 1786 2604 C
1812 2569 1883 2616 ῥω-

229 2629 369 2675 μαϊκὸν
393 2632 419 2664 Ρ
531 2633 569 2664 16
594 2625 908 2673 καταστήσαντοσ
934 2628 1023 2663 PAC
1127 2631 1165 2662 18
1190 2625 1353 2672 σφόδρα]
1381 2624 1527 2672 σφόδρα
1552 2626 1589 2662 δὲ
1614 2626 1641 2659 Ρ
1669 2623 1817 2672 σφόδρα
1842 2638 1882 2661 τε

229 2687 402 2721 Destinon
515 2682 573 2725 τὸ]
598 2685 620 2717 i.
645 2694 715 2718 ras.
743 2694 787 2717 ex
811 2686 872 2719 καὶ
899 2694 989 2718 corr.
1015 2684 1087 2719 uid.
1111 2684 1143 2717 A
1168 2682 1212 2720 τό
1239 2696 1278 2718 τε
1303 2683 1333 2716 L
1432 2685 1469 2716 19
1494 2678 1623 2726 ἁθρόα
1647 2681 1713 2715 VR
1827 2684 1880 2722 τε]

231 2738 264 2778 5’
293 2742 318 2776 C
454 2736 624 2783 οἷνώμοξε
649 2742 736 2781 (-ξεν
760 2739 805 2780 V)
828 2739 959 2774 PAVR
1094 2740 1225 2783 μεῖζον
1250 2739 1276 2773 G
1422 2739 1463 2771 23
1491 2739 1559 2782 τῆσ
1582 2735 1738 2772 ἐλπίδασ
1761 2736 1794 2771 R

233 2800 275 2831 24
301 2796 522 2843 προσέταξε,
546 2795 612 2829 litt.
639 2807 808 2838 προσετα
832 2795 854 2828 i.
880 2804 950 2828 ras.
977 2804 1019 2829 ex
1043 2798 1211 2840 π·ρ·δει
1237 2804 1326 2829 corr.
1351 2794 1384 2827 A
1452 2789 1761 2838 καταπήγνυσθαι
1787 2792 1816 2826 L

231 2855 405 2898 κρεμνῶν
428 2851 521 2886 PAL
546 2851 697 2896 κρεμῶν
720 2849 814 2884 VRC
839 2848 1040 2895 κρεμάσων
1063 2850 1138 2884 Zon
1264 2851 1305 2882 25
1331 2847 1423 2885 τοὺσ
1448 2847 1557 2882 PA¹L
1671 2842 1708 2883 δ’
1733 2846 1793 2881 LO

230 2907 495 2952 θεασαμένουσ
520 2906 627 2941 PA¹L
720 2904 984 2949 θεασαμένουσ
1008 2908 1120 2941 τοῦτο
1147 2908 1189 2938 tr.
1214 2905 1244 2938 L
