2039 3251
534 158 600 192 DE
625 158 784 193 BELLO
810 158 905 193 IUD.
933 159 948 193 Ι
972 161 1083 194 9-13
1107 164 1254 201 (Ιί-υοειιι.
1280 165 1308 190 4.
1335 163 1366 201 5)
1763 163 1784 197 5

235 277 273 314 4.
320 267 381 314 Οὐ
420 271 505 329 μὴν
545 271 626 326 ἐγώ
666 281 760 321 τοῖς
800 271 1036 326 ἐπαίρουσι
1075 271 1130 314 τὰ
1161 270 1384 326 Ῥωμαίων
1424 271 1785 331 ἀντιφιλονεικῶν
1817 280 1842 317 9

125 336 269 389 αὔξειν
306 338 363 381 τὰ
400 341 488 382 τῶν
526 336 764 396 ὁμοφύλων
804 340 1002 394 ὁιέγνων,
1043 336 1155 381 ἀλλὰ
1195 340 1249 381 τὰ
1285 342 1363 394 μὲν
1394 341 1497 397 ἔργα
1526 338 1623 395 μετ)
1662 338 1783 397 άκρι-

122 410 246 461 βείας
269 402 530 464 ἀμφοτέρων
560 406 759 461 διέξειμι,
790 406 892 457 τοὺς
924 404 963 449 ὁ)
1001 408 1075 450 ἐπὶ
1106 417 1200 458 τοῖς
1230 409 1461 464 πράγμασι
1492 409 1646 465 λόγους
1677 406 1784 452 ἂνα-

122 478 283 531 τίθημι
322 476 373 530 τῇ
414 474 619 517 διαθέσει
656 477 728 517 καὶ
769 484 862 525 τοῖς
904 475 1093 529 ἐμαυτοῦ
1125 476 1297 518 πάθεσι
1331 476 1477 526 διδους
1509 476 1783 534 ἐπολοφύρε-

75 552 85 559 '
123 546 236 585 σθαι
273 551 371 592 ταῖς
400 544 477 597 τῆς
508 543 722 596 πατρίδος
755 552 1016 599 συμφοραῖς.
1075 539 1144 585 ότι
1174 560 1256 598 γαρ
1289 542 1422 599 αὑτήν
1455 544 1609 595 στάσις
1641 545 1781 588 οἰκεία
1818 552 1866 589 10

122 611 348 660 καθεῖλεν,
389 611 462 653 καὶ
502 609 582 660 τὰς
608 607 829 664 Ῥωμαίων
866 620 1015 688 χεῖρας
1055 607 1243 660 ἀκούσας
1283 612 1354 652 καὶ
1394 611 1442 653 τι)
1482 615 1568 691 πῦρ
1600 614 1675 657 ἐπὶ
1705 613 1783 656 τὸν

122 676 228 719 ναὸν
270 678 469 720 εἵλκυσαν
508 678 549 720 οἱ
576 674 799 721 Ιουόαίων
837 695 1062 733 τυραννοι,
1103 678 1268 731 μάρτις
1309 674 1440 728 αυτὸς
1479 677 1501 721 ὁ
1543 681 1783 736 πορθήσας

124 749 298 798 Καῖσαρ
334 749 484 796 Τίτος,
526 745 569 787 ἐν
610 747 744 788 παντὶ
782 748 845 800 τῷ
884 745 1064 800 πολέμῳ
1095 744 1172 787 τὸν
1202 745 1280 798 μὲν
1313 746 1449 801 δῆμον
1481 746 1661 804 ἐλεήσας
1692 746 1779 791 υπὸ

122 815 210 855 τῶν
247 816 525 856 στασιαστῶν
557 813 900 870 φρουρούμενον,
938 812 1152 861 πολλάκις
1185 812 1231 854 ὸὲ
1262 811 1370 855 εκων
1400 813 1478 890 τήν
1510 810 1675 858 ἕλωσιν
1705 819 1782 873 τῆς

124 879 298 930 πόλεως
336 877 684 935 ὑπερτιθέμενος
721 897 791 922 και
834 877 982 928 διδοὺς
1018 896 1069 935 τῃ
1103 880 1339 936 πολιορκια
1366 881 1522 935 χρόνον
1554 883 1615 932 εἰς
1646 884 1780 937 μετά-

124 963 247 990 νοιαν
266 950 354 989 τῶν
376 947 544 990 αἰτίων.
595 947 633 990 εἰ
655 946 705 1003 δή
728 963 796 996 τις
817 942 901 988 όσα
923 944 1038 1021 πρὸς
1067 945 1169 996 τους
1199 946 1436 1001 τυράννους
1468 942 1492 1005 ἶ
1522 949 1570 991 τὸ
1606 952 1777 1007 ληστρι-
1816 954 1863 993 11

123 1013 198 1056 κὸν
224 1010 367 1056 αὐτῶν
398 1016 690 1072 κατηγορικῶς
720 1015 918 1069 λέγοιμεν
949 1006 975 1069 ἢ
1004 1022 1099 1064 τοῖς
1131 1013 1430 1070 δυστυχήμασι
1460 1018 1537 1070 τῆς
1568 1019 1785 1072 πατρίδος

124 1081 428 1132 επιστένοντες
467 1085 784 1138 συκοφαντοίη,
824 1080 985 1123 διδότω
1026 1082 1150 1136 παρὰ
1189 1080 1266 1123 τὸν
1305 1084 1381 1139 τῆς
1421 1083 1620 1138 ἱστορίας
1652 1085 1785 1139 νόιιον

124 1148 376 1205 συγγνώμην
396 1151 459 1204 τῷ
480 1148 644 1191 πάθει·
676 1148 809 1191 πόλιν
835 1149 914 1201 μὲν
944 1148 1026 1202 γὰρ
1059 1147 1109 1205 δὴ
1140 1151 1228 1191 τῶν
1261 1146 1346 1191 ὑπὸ
1367 1147 1595 1204 Ῥωμαίοις
1626 1157 1784 1195 πασῶν

121 1215 200 1273 τὴν
238 1214 451 1274 ἡμετέραν
489 1216 564 1259 ἐπὶ
604 1215 814 1259 πλεῖστόν
851 1232 899 1258 τε
938 1214 1220 1270 εὐδαιμονίας
1252 1220 1407 1274 συνέβη
1440 1221 1682 1274 προελθεῖν
1711 1223 1782 1263 καὶ

123 1283 237 1338 πρὸς
275 1284 455 1363 ε’σχατον
495 1286 734 1340 συμφορῶν
775 1274 909 1333 αὖθις
938 1293 1227 1326 καταπεσεῖν·
1266 1302 1320 1326 τα
1355 1288 1458 1340 γοῦν
1488 1287 1668 1330 πάντων
1700 1284 1781 1330 ἀπ’
1819 1292 1869 1331 12

124 1351 282 1401 αἰῶνος
313 1348 565 1409 ἀτυχήματα
595 1351 708 1405 πρὸς
737 1350 792 1393 τὰ
818 1347 1042 1394 Ιουόαίων
1071 1348 1296 1410 ἡττῆσθαι
1328 1352 1441 1395 ὁοκιῦ
1471 1354 1581 1397 κατὰ
1613 1355 1785 1412 σύγκρι-

124 1432 216 1462 σιν·
246 1420 316 1462 καὶ
339 1418 504 1462 τούτων
529 1419 672 1469 αι’τιος
704 1415 849 1469 ουόεις
880 1417 1143 1476 ἀλλόφυλος,
1176 1418 1290 1462 ὥστε
1321 1417 1542 1504 ἀμήχανον
1572 1421 1624 1478 ήν
1655 1420 1785 1479 ὀδυρ-

122 1489 215 1541 μιῦν
254 1485 518 1541 ἐπικρατεῖν.
580 1486 619 1529 εἰ
658 1488 705 1530 δέ
743 1504 811 1538 τις
851 1504 997 1530 οικτου
1038 1487 1326 1544 σκληρότερος
1365 1489 1430 1546 ειή
1464 1489 1689 1547 δικαστής,
1729 1490 1784 1533 τὰ

121 1554 200 1608 μὲν
243 1553 483 1609 πράγματα
527 1557 581 1611 τῇ
627 1555 802 1612 ἱστορίᾳ
846 1557 1169 1609 προσκρινέτω,
1215 1553 1295 1605 τὰς
1335 1552 1376 1597 δ’
1421 1553 1684 1614 ὀλοφύρσεις
1720 1560 1784 1613 τῴ

119 1620 349 1677 γράφοντι.

234 1693 272 1731 5.
319 1692 481 1732 Καίτοι
516 1706 564 1745 γε
603 1685 916 1748 ἐπιτιμήσαιμ’
962 1682 1014 1731 ἂν
1055 1685 1187 1739 αυτὸς
1227 1690 1408 1741 δικαίως
1445 1701 1538 1742 τοῖς
1573 1690 1783 1749 Ελλήνων
1818 1699 1867 1739 13

121 1757 305 1812 λογίοις,
353 1758 396 1799 οἳ
383 1757 706 1860 τηλικούτων
743 1753 840 1800 κατ)
886 1753 1045 1806 αυτούς
1082 1759 1355 1812 πραγμάτων
1394 1764 1709 1818 γεγενημένων,
1758 1760 1784 1802 οὶ

230 1901 464 1937 PAMLVNC
473 1903 543 1937 Lat

234 1960 250 1993 1
276 1957 472 1994 επαινοῦσι
495 1958 535 1993 Μ
627 1962 645 1993 2
671 1959 818 2006 διέγνον
844 1960 887 1994 C²
1002 1973 1072 2005 μετ
1083 1956 1105 2003 ³]
1130 1959 1225 2006 μετὰ
1251 1961 1319 1996 ΜΟ
1344 1966 1380 1996 et
1403 1963 1426 1997 i.
1451 1972 1561 2006 marg.
1588 1961 1619 1996 V
1643 1957 1694 1997 δι)
1718 1962 1784 1996 LV

121 2011 178 2050 διὰ
203 2013 226 2048 i.
252 2024 361 2057 marg.
389 2013 415 2048 C
492 2011 734 2062 α’μφοτέρων]
760 2014 951 2062 ἑκατέρων
975 2016 1144 2052 MLVNC
1170 2024 1405 2063 utrorumque
1428 2018 1499 2053 Lat
1592 2021 1611 2053 3
1636 2017 1784 2062 διέξειμι

121 2067 312 2115 ἑκατέρων
335 2072 378 2104 tr.
396 2070 436 2104 M
505 2072 543 2108 δὲ
560 2071 653 2107 LVC
723 2068 939 2119 ἀνατίθημι,
964 2087 1011 2109 ατ
1028 2083 1071 2107 ex
1094 2087 1146 2116 ετ,
1170 2089 1191 2120 η
1217 2084 1259 2109 ex
1277 2088 1307 2110 ει
1334 2085 1424 2109 corr.
1451 2074 1521 2109 uid.
1543 2074 1573 2110 V
1642 2077 1663 2108 4
1688 2072 1784 2110 εἷπο-

121 2156 359 2205 λοφύρεσθαι
384 2156 452 2199 (dn
475 2162 498 2196 i.
524 2171 596 2196 ras.
622 2161 665 2204 L)
689 2162 790 2197 PML
884 2166 903 2197 6
929 2160 1109 2199 εἰκούσασ
1131 2163 1165 2198 N
1236 2168 1253 2198 7
1280 2160 1387 2205 ναὸν]
1412 2163 1497 2198 PM¹
1522 2157 1634 2209 ἅγιον
1663 2128 1784 2205 (ἅγΜ)

121 2213 216 2251 ναὸν
231 2216 397 2252 LVCLat
414 2221 449 2252 et
465 2228 508 2252 ex
525 2229 617 2253 corr.
635 2218 673 2251 M
767 2222 785 2254 8
803 2220 913 2255 τίτοσ
929 2225 1069 2264 καῖσαρ
1093 2225 1136 2255 tr.
1155 2219 1255 2255 LVN
1348 2224 1367 2254 9
1385 2217 1463 2266 τὴν]
1487 2222 1550 2255 καὶ
1573 2219 1643 2265 τὴν
1659 2220 1691 2254 N

123 2304 163 2337 10
187 2288 452 2349 ὑπετρθέμενοσ
468 2305 498 2338 L
558 2302 710 2341 διαδοὺσ
727 2306 753 2341 C
821 2309 900 2348 (πο)
916 2304 928 2350 ΙΙ
941 2307 1090 2353 λιορκιά
1112 2307 1218 2351 incip.
1244 2307 1277 2340 A
1348 2310 1384 2340 11
1406 2303 1459 2352 δή]
1485 2307 1551 2347 δεῖ,
1575 2307 1610 2342 εί
1625 2306 1648 2340 i.
1666 2316 1737 2342 ras.
1755 2306 1784 2340 P

121 2356 161 2395 δέ
187 2359 356 2395 MLVNC
442 2359 530 2402 τοὺς
554 2371 622 2396 om.
648 2363 680 2394 A
765 2359 976 2409 λῃστήριον,
1001 2363 1023 2397 i.
1049 2373 1160 2406 marg.
1185 2359 1386 2409 λῃστρικὸν
1409 2362 1473 2397 LV
1562 2364 1600 2396 12
1625 2362 1785 2409 λέγομεν

121 2415 215 2451 LVC
240 2416 342 2462 λέγοι
366 2416 400 2451 N
498 2414 521 2463 ἢ
545 2427 612 2452 om.
639 2417 699 2451 AC
799 2421 892 2460 τοῖς]
917 2421 988 2464 τῆσ
1011 2420 1043 2452 Α
1144 2414 1353 2464 α’τυχήμασι
1377 2418 1507 2453 LVNC
1609 2422 1650 2453 13
1676 2431 1784 2455 συκο-

122 2468 276 2518 φαντώη
293 2472 443 2506 P¹AML
463 2472 706 2519 συκοφαντόη
722 2484 766 2509 ex
785 2484 876 2510 corr.
893 2474 921 2508 P
1001 2478 1041 2509 14
1059 2469 1171 2511 πόλιν
1187 2494 1231 2500 -
1250 2478 1288 2509 15
1308 2477 1524 2521 προελθεῖν]
1548 2485 1598 2510 ex
1621 2475 1786 2510 omnibus

123 2527 214 2566 enim
232 2538 325 2572 quae
340 2538 492 2564 romano
511 2530 663 2575 imperio
676 2534 813 2575 parent
828 2530 944 2565 solam
969 2531 1148 2567 ciuitatem
1174 2536 1335 2566 nostram
1361 2531 1514 2576 contiyit
1537 2530 1586 2565 acl
1608 2541 1783 2565 summum

120 2582 310 2626 felicitatis
339 2584 495 2630 qradum
518 2585 720 2631 procedere
743 2585 813 2620 Lat
887 2585 967 2630 μὲν]
1001 2597 1068 2622 0111.
1093 2587 1222 2622 LVNC
1251 2589 1341 2632 μίαν
1371 2598 1415 2622 ex
1439 2587 1509 2621 Lat
1532 2586 1707 2622 Destinon

125 2634 320 2683 ῥωμαίουσ
336 2639 398 2674 ΝΟ
472 2644 512 2676 16
537 2644 742 2687 συμφορᾶσ
757 2643 790 2675 Α
870 2645 907 2676 17
935 2637 1156 2689 οἷτυχήματα
1179 2641 1277 2689 πρὸς
1292 2643 1304 2687 ΙΙ
1320 2643 1398 2677 finit
1414 2643 1474 2678 fol.
1506 2647 1533 2683 1,
1558 2643 1783 2687 insequentia

124 2695 258 2737 septem
282 2697 332 2736 (—
356 2694 582 2743 σπλάγχνων
606 2709 640 2742 p.
659 2700 713 2741 20,
735 2701 765 2740 1)
790 2698 1000 2733 exciderunt
1022 2699 1050 2733 P
1131 2695 1321 2744 ἦττᾶσθαί
1343 2712 1409 2743 μοι
1433 2702 1536 2735 δοκεῖ
1558 2699 1701 2739 LVNC:
1735 2700 1780 2734 ab

125 2743 308 2792 ἡττᾶσθαι
330 2750 436 2796 incip.
462 2763 588 2788 manus
613 2755 760 2798 antiqua
783 2754 817 2789 N
890 2757 932 2788 20
958 2754 997 2791 δὲ
1020 2755 1085 2790 VN
1169 2758 1207 2789 21
1235 2753 1488 2800 ἐπιτιμήσαιμι
1511 2755 1584 2790 AM
1666 2751 1782 2798 αὐτὸς

125 2813 192 2837 0111.
217 2804 286 2839 Lat
376 2809 418 2841 23
441 2821 513 2844 κατ
550 2806 687 2852 αὐτους
711 2807 959 2857 πραγμάτων]
987 2806 1073 2856 οὐχ’
1101 2807 1250 2855 ὃμοίωσ
1266 2809 1502 2858 πραγμάτων
1524 2808 1614 2848 κατ’
1640 2808 1781 2848 αὖτουσ

124 2854 224 2904 (οὐχ’
252 2856 398 2904 ομοίωσ
422 2865 538 2907 suppl.
562 2875 608 2900 m.
637 2870 666 2907 1)
691 2866 720 2900 L
746 2863 982 2912 πραγμάτων
1008 2863 1074 2912 οὐχ
1101 2863 1251 2911 ὃμοίωσ
1276 2881 1349 2903 κατ
1390 2864 1526 2910 αυτοὺς
1549 2864 1582 2903 V
1605 2865 1779 2914 πραγμά-

126 2928 202 2951 των
225 2911 311 2951 κατ’
337 2912 478 2953 αὖτουσ
502 2918 536 2952 Ν
