2039 3282
889 147 1081 182 Praefatio.
1728 146 1757 179 X
1767 147 1815 179 XI

153 264 250 305 Mau
283 265 414 304 totum
446 265 614 315 praeter
644 261 742 302 libri
775 262 831 302 VI
862 265 1047 315 partem,
1089 275 1212 314 quam
1247 261 1433 303 excussit
1463 260 1593 301 Iulius
1625 258 1816 302 Stendcr.

153 329 291 373 codex
329 329 461 370 multa
500 329 658 381 optime
700 328 849 380 tradit3
902 342 983 369 non
1025 329 1176 370 desunt
1215 334 1355 370 tamen
1395 332 1436 369 et
1475 328 1737 381 corruptelae
1778 333 1819 369 et

154 397 506 450 interpolamenta
550 396 759 447 grauiora.
828 396 935 437 benc
984 396 1111 448 igitur
1155 395 1311 437 accidit
1352 395 1464 448 quod
1503 395 1631 436 alium
1672 393 1818 436 habui-

151 477 242 506 mus
273 467 423 505 testem
454 462 645 504 codicem
678 462 993 502 Berolsnvnsem
1023 462 1122 502 Lat.
1153 461 1351 501 7110226
1380 476 1490 503 anno
1521 475 1561 515 p.
1585 461 1681 504 Chr.
1710 464 1814 503 1159

152 535 390 582 exaratum,
431 531 501 583 qui
542 534 586 571 ut
618 530 820 571 Vaticano
860 543 996 582 neque
1034 534 1173 571 aetate
1211 543 1288 571 nec
1327 530 1480 570 uirtute
1518 542 1596 582 par
1633 533 1715 581 est,
1759 530 1817 570 ita

152 612 235 641 non
280 599 428 652 paucis
476 597 641 638 mendis
691 602 826 651 caret,
877 610 984 650 quae
1030 597 1234 638 Vaticano
1280 595 1577 637 adhaeserunt.
1658 596 1816 637 Beroli-

150 679 322 708 nensem
352 669 483 707 totum
517 666 702 706 excussit
733 664 908 706 Carolus
941 664 1121 716 Boysen.
1174 663 1313 704 uersio
1353 664 1485 703 latina
1524 662 1567 703 id
1600 664 1816 715 proprium

152 733 300 785 habet,
341 732 453 786 quod
484 732 653 785 Iosephi
686 732 816 773 libros
846 732 989 784 paullo
1020 731 1144 771 aliter
1175 728 1321 771 diuisit
1360 744 1410 771 ac
1441 729 1609 771 codices
1641 730 1817 783 Graeci3

152 814 248 842 nam
270 801 379 841 liber
410 804 581 853 quartus
613 799 769 841 desinit
799 813 840 852 p.
865 800 959 850 390,
986 800 1002 837 1
1038 798 1081 838 in
1101 798 1275 850 κακίας;
1308 795 1574 849 insequentia
1597 791 1707 835 ἀλλὰ
1738 794 1817 849 γὰρ

150 866 200 909 τὸ
234 892 286 898 -
319 871 422 920 433,
457 871 504 908 17
546 866 734 909 efficiunt
778 866 930 906 librum
971 865 1185 917 quintum3
1232 863 1387 904 deinde
1433 863 1542 905 liber
1586 868 1730 905 sextus
1777 865 1817 904 in

152 936 302 977 Latino
343 936 455 977 idem
489 939 552 977 est
583 935 655 988 qui
685 935 727 974 in
759 932 933 974 Graecis
965 931 1158 984 quintus,
1190 930 1298 972 liber
1329 931 1532 983 septimus
1564 930 1818 973 Graecorum

153 1007 315 1045 sextum
356 1008 396 1044 et
434 1003 657 1055 septimum
699 1013 782 1041 una
830 997 1160 1052 comprehendit.
1222 996 1335 1049 quod
1382 1010 1453 1039 cur
1492 1002 1697 1038 mutatum
1749 1000 1814 1050 sit,

152 1071 355 1123 nescitur3
378 1082 514 1122 neque
537 1069 648 1110 enim
666 1066 942 1109 dubitandum
961 1065 1129 1106 uidetur
1146 1064 1246 1118 quin
1264 1076 1315 1105 ea
1332 1064 1501 1117 diuisis),
1522 1077 1645 1117 quam
1666 1065 1817 1107 Graeci

154 1137 324 1179 codices
356 1136 470 1188 dant,
501 1135 686 1188 genuina
717 1135 782 1175 sit.

266 1204 458 1246 Versioni
503 1202 682 1244 Latinae
735 1206 876 1244 aetate
921 1213 1079 1254 suppar
1123 1203 1187 1240 est
1230 1197 1451 1237 translacio
1496 1196 1675 1250 Syriaca
1722 1200 1818 1240 libri

155 1272 278 1323 sexti,
311 1283 419 1324 quae
451 1272 568 1311 extat
599 1270 640 1310 in
673 1269 879 1310 uersionis
911 1268 1115 1322 Syriacae
1146 1266 1301 1308 ueteris
1333 1266 1574 1307 testamenti
1605 1265 1821 1308 Peschitta

154 1342 329 1380 uocatae
369 1336 515 1379 codice
546 1336 829 1378 Ambrosiano
871 1335 1041 1378 saeculo
1083 1334 1170 1375 fere
1202 1333 1259 1374 VI
1291 1336 1487 1385 exarato,
1530 1346 1653 1385 quem
1688 1347 1822 1387 nuper

154 1406 288 1448 edidit
318 1404 537 1447 Cerianius
558 1406 600 1454 ¹).
651 1408 830 1457 apparet
861 1403 988 1455 igitur
1018 1401 1255 1443 uersionem
1282 1404 1346 1441 sat
1367 1413 1547 1452 magnae
1579 1413 1672 1441 esse
1702 1405 1822 1442 uetu-

154 1473 286 1515 statis.
355 1470 526 1525 Iosephi
572 1471 679 1512 liber
724 1474 869 1512 sextus
914 1470 956 1511 in
1000 1468 1082 1510 fine
1127 1467 1288 1510 codicis
1334 1471 1451 1508 extat
1494 1471 1590 1521 post
1628 1472 1822 1520 quartum

153 1540 501 1583 Maccahaeorum
540 1539 693 1580 librum
733 1539 795 1580 sic
843 1537 1091 1590 inscriptus:
1147 1537 1196 1573 de
1239 1533 1382 1572 ultimo
1432 1532 1821 1587 IJJ'er=oso(1sm07²21m

153 1606 333 1647 excidio.
367 1606 490 1649 huius
506 1611 670 1660 partem
689 1606 873 1659 priorem
891 1617 944 1646 ex
960 1602 1146 1646 Cerianii
1164 1601 1352 1644 editione
1374 1601 1543 1643 iterauit
1564 1602 1820 1643 uersionem-

154 1688 234 1728 que
257 1674 553 1716 Germanicam
583 1673 750 1714 addidit
771 1671 1086 1720 Kotteckius2)‚
1119 1670 1191 1723 qui
1221 1673 1342 1723 putat
1371 1682 1448 1710 nos
1480 1668 1637 1710 habere
1659 1673 1821 1722 partem

154 1743 244 1784 eius
274 1741 394 1793 libri,
435 1754 559 1794 quem
590 1739 798 1794 Iosephus
829 1743 1056 1792 antequam
1088 1738 1248 1779 bellum
1279 1736 1497 1777 Iudaicum
1530 1736 1694 1778 Graece
1726 1749 1821 1779 con-

153 1809 378 1861 scriberet,
419 1808 648 1850 uernaculo
680 1819 872 1850 sermone
913 1805 1119 1848 ediderat.
1191 1816 1300 1857 quae
1333 1804 1543 1845 sententia
1581 1816 1706 1856 quam
1738 1817 1823 1845 non

153 1877 207 1919 sit
226 1876 474 1930 probabilis,
497 1880 609 1918 recte
627 1873 998 1916 dixitTheodorus
1016 1871 1250 1920 N‘oldekess)
1268 1886 1277 1923 3
1302 1869 1409 1911 nihil
1428 1871 1538 1912 enim
1557 1872 1710 1913 certius
1730 1884 1823 1913 esse

152 1948 292 1998 potest
331 1956 457 1996 quam
488 1943 696 1985 Graecam
728 1940 898 1995 Iosephi
931 1940 1152 1982 historiam
1184 1952 1210 1980 a
1241 1938 1350 1991 Syro
1381 1938 1627 1979 translatam
1667 1951 1759 1981 esse
1774 1939 1820 1991 4),

153 2011 267 2065 quod
290 2024 383 2053 cum
404 2011 500 2052 aliis
521 2010 626 2052 locis
649 2009 972 2061 demonstratur,
996 2012 1083 2049 tum
1107 2008 1246 2049 elucet
1265 2019 1307 2059 p.
1326 2007 1420 2057 524,
1439 2007 1505 2058 24,
1528 2006 1599 2047 ubi
1616 2005 1823 2059 Iosephus

153 2079 274 2121 dedit
304 2073 492 2132 ἀδελφοὶ
525 2075 615 2127 δύο,
648 2075 807 2124 παῖδες
832 2070 955 2126 Ἀρί,
988 2077 1136 2126 Σίμων
1168 2087 1215 2113 τε
1244 2073 1317 2113 καὶ
1348 2068 1525 2127 Ἰούδης,
1558 2072 1690 2127 Syrus
1721 2087 1823 2115 uero

154 2160 248 2189 cum
287 2146 384 2188 aliis
415 2145 499 2187 duo
529 2145 702 2186 nomina
732 2145 775 2185 in
807 2157 934 2185 unum
966 2142 1178 2185 contraxit
1206 2138 1430 2192 Arsimon,
1472 2141 1585 2193 quod
1617 2141 1707 2182 fieri
1738 2154 1822 2182 non

153 2214 381 2268 potuisset,
420 2213 502 2254 nisi
539 2211 758 2254 habuisset
797 2211 928 2252 uerba
966 2222 1121 2262 graeca
1167 2221 1216 2250 eo
1264 2221 1346 2261 quo
1385 2220 1495 2249 nunc
1535 2211 1630 2248 sunt
1675 2204 1822 2247 ordine

155 2282 375 2324 collocata.
436 2284 621 2322 ceterum
653 2292 703 2321 eo
736 2290 904 2332 quoque
934 2277 1130 2330 peccauit
1160 2274 1434 2327 Kotteckius,
1467 2272 1581 2326 quod
1612 2271 1822 2314 interdum

154 2349 284 2390 uerba
305 2348 484 2401 Syriaca
512 2348 650 2389 minus
682 2346 909 2398 diligenter
936 2346 1234 2397 interpretatus
1267 2346 1330 2384 est
1351 2347 1404 2394 et,
1437 2342 1480 2382 id
1503 2340 1616 2394 quod
1638 2340 1823 2381 maxime

158 2415 392 2458 cauendum
408 2415 500 2468 fuit,
519 2428 601 2457 non
618 2419 702 2456 tam
720 2412 898 2466 Syriaca
916 2412 1046 2454 uerba
1063 2424 1188 2464 quam
1208 2410 1374 2453 Graeca
1389 2409 1552 2461 uulgati
1569 2411 1708 2449 textus
1726 2420 1821 2448 con-

272 2562 303 2601 1)
328 2558 461 2603 prodiit
478 2557 670 2592 Mediolani
696 2557 800 2591 annis
820 2558 1055 2591 1876-1580.
1163 2558 1195 2590 2)
1221 2553 1297 2588 Das
1320 2550 1456 2586 sceleste
1476 2549 1580 2585 Buch
1606 2549 1668 2584 des
1692 2549 1821 2583 bellum

155 2613 345 2649 Iudaicum
369 2635 410 2639 —
435 2614 615 2649 iehersem
644 2613 720 2647 und
749 2611 899 2647 lcricz'sch
931 2611 1126 2646 bearbeilet
1149 2631 1191 2635 —
1218 2621 1287 2644 von
1312 2608 1493 2642 Heimmm
1518 2605 1674 2641 Kotteclc
1698 2605 1823 2642 (Imm-

157 2670 495 2715 quraldz'ssertation
520 2681 589 2704 von
614 2669 798 2715 Leipzz'q),
829 2668 959 2703 Berlin
986 2669 1085 2702 1886.
1218 2668 1250 2707 3)
1288 2664 1442 2699 Lilerar.
1471 2661 1709 2698 Centralblatt
1738 2664 1822 2695 183ss

157 2725 219 2760 Nr.
246 2728 288 2760 26
319 2737 355 2770 p.
384 2728 446 2760 881
466 2737 518 2770 sq.
714 2728 746 2765 4)
776 2724 962 2769 probabile
1003 2727 1056 2757 est
1093 2732 1287 2765 numquam
1326 2723 1441 2755 totum
1478 2720 1607 2753 bellum
1638 2717 1823 2751 Iudaicum

158 2781 302 2824 Syriace
326 2781 496 2823 extitisse,
525 2782 587 2817 sed
611 2782 646 2815 id
675 2782 788 2816 solum
817 2781 932 2824 egisse
963 2779 1084 2824 Syros,
1108 2783 1149 2812 ut
1179 2778 1305 2812 excidii
1323 2775 1633 2819 Hierosolymitani
1651 2774 1823 2807 haberent

157 2837 361 2878 historiam,
393 2847 485 2881 quae
514 2838 656 2881 Iosephi
687 2838 778 2872 libro
809 2840 911 2870 sexto
945 2835 1213 2877 continebatur,
1248 2844 1327 2868 cum
1352 2836 1473 2867 uetere
1497 2834 1709 2865 testamento
1737 2839 1821 2863 con-

157 2891 324 2926 iunctam.
