2018 3236
221 167 301 204 428
632 165 698 199 DE
723 165 883 199 BELLO
908 164 1005 199 IUD.
1029 164 1080 199 IV
1105 167 1282 200 620-628
1308 167 1344 208 (X
1370 171 1398 199 6.
1424 168 1456 209 7)

222 275 314 321 άπδ
335 281 412 334 τῆς
433 281 594 333 ,Συρίας
616 272 747 332 αὐτῷ,
778 277 941 319 πολλαὶ
966 277 1012 320 δὲ
1043 272 1158 319 κᾶπὸ
1191 279 1277 319 τῶν
1309 275 1453 320 ἄλλων
1485 277 1705 333 ἐπαρχιῶν
1736 296 1873 334 πρεσ-

217 350 335 401 βεῖαι
376 343 615 400 συνήντων,
660 343 903 400 στεφάνους
942 341 1051 400 παρ’
1092 344 1275 402 ἑκάστης
1305 344 1480 395 πόλεως
1509 347 1582 388 καὶ
1614 347 1874 402 συγχαρτικὰ

108 416 184 455 621
220 415 555 467 προσφέρουσαι
576 414 860 467 ψηφίσματα.
912 415 1058 469 παρῆν
1081 412 1128 455 δὲ
1147 414 1220 455 καὶ
1242 411 1500 462 Μουκιανὸς
1521 409 1542 455 ὁ
1565 414 1643 470 τῆς
1664 412 1876 469 ἐπαρχίας

223 476 391 535 ἡγεμών
439 477 488 519 τὸ
538 476 776 534 πρόθυμον
823 482 910 522 τῶν
960 479 1109 537 δήμιον
1147 481 1221 522 καὶ
1260 479 1361 529 τοὺς
1399 479 1509 522 κατὰ
1549 479 1682 523 πόλιν
1722 476 1876 536 όρκους

219 543 518 600 ἀπαγγέλλων.

107 630 185 668 622
333 629 369 666 7.
407 624 731 681 ΙῚροχωρούσης
770 626 816 668 δὲ
855 628 1080 678 πανταχοῦ
1118 624 1228 667 κατὰ
1267 627 1366 667 νοῦν
1404 627 1481 682 τῆς
1519 624 1648 682 τύχης
1685 627 1757 669 καὶ
1788 627 1875 668 τῶν

218 686 489 746 πραγμάτιον
520 692 861 735 συννενευκότων
885 692 930 734 ἐκ
959 695 1037 735 τοῦ
1068 693 1277 735 πλείστου
1307 696 1478 747 μέρους,
1510 689 1591 750 ἤδη
1624 696 1874 747 παρίστατο

217 761 280 814 τῷ
309 755 636 814 Οὐεσπασιανῷ
658 769 784 813 νοεῖν,
817 757 876 810 ὡς
899 756 947 802 οὗ
971 760 1069 813 δίχα
1092 760 1322 813 δαιμονίου
1354 763 1568 814 προνοίας
1599 754 1768 815 ἅψαιτο
1798 762 1875 816 τῆς

218 822 362 882 ἀρχῆς,
396 823 506 869 ἄλλα
531 827 680 870 δικαία
699 844 766 877 τις
797 828 1034 884 εἱμαρμένη
1067 827 1330 882 περιαγάγοι
1359 828 1407 870 τὸ
1441 836 1613 883 κρατεῖν
1643 829 1730 869 τιῦν
1761 826 1875 870 ὅλων

105 898 184 938 623
218 890 292 935 ἐπ)
321 890 468 936 αὐτόν·
505 890 880 950 ἀναμιμνήσκεται
899 893 981 950 γάρ
1003 894 1057 936 τά
1078 911 1125 937 τε
1157 892 1267 937 ἄλλα
1300 904 1470 951 σημεῖα,
1502 893 1648 937 πολλὰ
1680 889 1720 936 δ’
1757 890 1876 949 αὐτῷ

215 961 382 1017 γεγόνει
412 964 637 1015 πανταχοῦ
668 966 977 1019 προφαίνοντα
998 960 1075 1019 τὴν
1096 960 1342 1017 ἡγεμονίαν,
1374 964 1447 1004 καὶ
1467 961 1547 1012 τὰς
1566 964 1644 1004 τοῦ
1659 958 1874 1018 Ἰωσήπου

218 1028 382 1085 φωνάς,
411 1028 459 1079 ὂς
481 1024 614 1072 αὐτὸν
636 1030 701 1072 ἔτι
724 1029 881 1081 ζῶντος
902 1032 1108 1085 Νέρωνος
1131 1026 1430 1086 αὐτοκράτορα
1452 1039 1715 1084 προσειπεῖν
1737 1028 1875 1083 ἐθάρ-

105 1101 186 1141 624
218 1111 361 1153 σησεν.
419 1096 714 1154 ἐξεπέπληκτο
754 1097 800 1139 δὲ
830 1096 906 1139 τὸν
938 1093 1076 1152 ἄνδρα
1108 1096 1332 1154 δεσμώτην
1365 1097 1430 1140 ἔτι
1460 1095 1567 1141 ὄντα
1597 1095 1709 1152 ποι-ρ)
1744 1093 1874 1152 αὐτῷ,

215 1165 288 1206 καὶ
338 1165 756 1220 προσκαλεσάμενος
794 1163 1053 1207 ΖΙΙουκιανὸν
1102 1159 1193 1218 ἅμα
1240 1174 1334 1215 τοῖς
1383 1162 1533 1215 ἄλλοις
1580 1162 1763 1222 ἡγεμόσι
1802 1165 1875 1206 καὶ

217 1233 368 1287 φίλοις
406 1235 582 1287 πρώτον
613 1233 692 1287 μὲν
733 1228 867 1275 αὐτοῦ
897 1231 946 1274 τὸ
981 1231 1243 1287 δραστήριον
1284 1232 1520 1290 ἐκδιηγεῖτο
1552 1234 1625 1275 καὶ
1656 1227 1740 1274 ὅσα
1769 1232 1873 1286 περὶ

106 1305 186 1343 625
217 1308 312 1348 τοῖς
329 1294 616 1350 Ἰωταπάτοις
647 1296 706 1343 δι’
744 1297 875 1343 αὐτὸν
907 1299 1078 1353 ἔκαμον,
1112 1299 1267 1342 ἔπειτα
1296 1299 1376 1350 τὰς
1405 1303 1626 1354 μαντείας,
1659 1298 1710 1349 ἃς
1743 1294 1874 1348 αὐτὸς

217 1366 295 1419 μὲν
333 1364 599 1410 ὗπώπτευσε
636 1367 737 1410 τότε
775 1367 1018 1421 πλάσματα
1056 1369 1133 1408 τοῦ
1165 1367 1308 1419 δέους,
1350 1363 1678 1422 αποδειχθῆναι
1710 1366 1756 1408 δὲ
1785 1362 1872 1408 ὑπὸ

106 1440 186 1479 626
218 1436 293 1475 τοῦ
312 1433 469 1489 χρόνου
490 1437 563 1478 καὶ
583 1438 669 1477 τῶν
692 1434 963 1513 πραγμάτων
984 1438 1129 1484 θείας.
1179 1433 1387 1488 ,,αἰσχρόν
1419 1432 1506 1483 οὖν,
1538 1435 1635 1491 ἐφη,
1667 1432 1744 1476 τὸν
1764 1449 1876 1487 προ-

218 1502 503 1544 θεσπίσαντά
543 1519 621 1545 ιιοι
658 1502 736 1557 τὴν
775 1499 908 1558 ἀρχὴν
938 1519 1011 1544 και
1043 1501 1244 1544 διάκονον
1274 1504 1350 1557 τῆς
1379 1504 1456 1544 τοῦ
1486 1505 1597 1545 θεοῦ
1628 1503 1780 1558 φωνῆς
1810 1517 1876 1543 ετι

220 1568 497 1622 αἰχμαλώτου
535 1569 660 1619 τάξιν
698 1563 723 1626 η
764 1569 988 1623 δεσμώτου
1019 1569 1147 1625 τύχην
1186 1567 1223 1610 ἱ
1213 1569 1450 1649 ἓτομενεινεί
1479 1571 1552 1612 καὶ
1583 1570 1770 1619 καλέσας
1799 1567 1877 1611 τὸν

107 1641 185 1681 627
214 1631 427 1691 Ιώσηπον
465 1637 655 1692 λυθῆναι
694 1637 872 1679 κελευει.
929 1645 1023 1685 τοῖς
1061 1637 1140 1690 μὲν
1180 1635 1254 1680 οὐν
1286 1634 1494 1692 ηγειιόσιν
1525 1654 1570 1679 εκ
1600 1653 1677 1694 της
1708 1636 1770 1686 εἰς
1800 1635 1875 1679 τὸν

221 1698 472 1758 ἀλλόφυλον
521 1698 708 1759 ἇμοιβης
756 1702 938 1756 λαμπρα
987 1705 1057 1745 καὶ
1106 1719 1207 1779 περι
1249 1701 1391 1746 αυτιῦν
1431 1704 1623 1756 ελπίζειν
1662 1707 1872 1760 παρέστη,

106 1778 186 1818 628
219 1768 358 1812 συνών
391 1769 437 1811 δὲ
466 1787 525 1811 τω
558 1773 697 1825 πατρὶ
733 1774 863 1820 Τίτος
893 1770 1112 1822 ,,δίκαιον,
1154 1768 1187 1810 ὠ
1217 1769 1378 1825 πάτερ,
1419 1771 1524 1828 ε’φη,
1556 1773 1634 1813 τοῦ
1657 1766 1873 1827 Ἰωσήπου

217 1838 289 1879 καὶ
309 1835 358 1878 τὸ
392 1812 562 1887 ὄνειδος
592 1833 896 1894 αφαιρεθῆναι
929 1852 1005 1878 συν
1035 1838 1098 1877 τιῦ
1129 1836 1318 1915 σιδηρω·
1348 1838 1577 1893 γενήσεται
1605 1836 1687 1892 γὰρ
1719 1832 1873 1891 όμοιος

217 1906 280 1959 τιῦ
319 1921 375 1959 μη
418 1905 594 1946 δεθέντι
632 1904 710 1962 την
752 1900 884 1960 αρχην
897 1939 906 1955 ,
948 1897 1000 1946 άν
1039 1900 1170 1946 αυτοῦ
1201 1903 1258 1960 μὴ
1292 1905 1488 1958 λυσωμεν
1520 1900 1632 1946 ἀλλὰ
1663 1904 1872 1959 κόψωμεν

329 2106 873 2150 PAMLVRCLatHegesippus
896 2107 946 2142 IV
973 2109 1013 2140 28
1039 2117 1074 2150 p.
1101 2109 1177 2141 267.

331 2176 343 2206 1
384 2169 502 2217 κάπὸ]
538 2176 603 2209 καὶ
639 2168 715 2210 άπὸ
753 2174 915 2209 PMLRC
952 2169 1029 2210 α’πὸ
1066 2173 1097 2207 V
1257 2177 1504 2220 πρεσβεῖαι-,
1540 2183 1631 2208 eras.
1670 2185 1692 2209 σ
1727 2175 1760 2208 Α

216 2232 235 2263 2
272 2225 381 2273 παρ’]
418 2225 489 2274 (ἔφ’
527 2230 552 2263 C
691 2226 933 2275 συγχαριτικίι
972 2232 1007 2275 (γ
1044 2240 1073 2264 s.
1110 2229 1150 2270 C)
1186 2229 1310 2264 PVRO
1348 2229 1588 2275 συνχαριτικά
1625 2229 1658 2262 A
1695 2244 1874 2277 συγχαρη-

215 2282 299 2320 τικὰ
336 2285 374 2318 M
511 2289 532 2320 4
567 2288 630 2321 καὶ
665 2306 709 2311 -
747 2280 896 2331 ὅρκους]
932 2285 1125 2330 iurataque
1153 2295 1224 2329 per
1259 2285 1375 2330 ipsum
1406 2287 1610 2332 principem
1646 2291 1874 2322 Sacramenta

216 2340 286 2374 Lat
411 2344 429 2374 5
457 2338 682 2388 ἀπαγγέλων
699 2342 759 2377 VC
888 2341 911 2376 i.
937 2351 1046 2383 marg.
1072 2338 1130 2376 209⁷
1155 2340 1181 2374 C
1307 2344 1326 2375 6
1350 2340 1459 2383 κατὰ,
1484 2339 1529 2378 τὰ
1556 2353 1584 2377 s.
1609 2342 1635 2377 C
1762 2347 1780 2376 7
1807 2345 1874 2378 τοῦ

217 2406 285 2430 om.
304 2396 431 2431 LVRC
450 2398 532 2432 fort.
559 2402 657 2433 recte
727 2401 746 2432 9
771 2394 946 2444 περιάγοι
963 2397 1098 2432 MVRO
1123 2397 1423 2432 circumduxisset
1441 2398 1508 2432 Lat
1577 2412 1601 2434 κ
1616 2413 1632 2429 22
1650 2413 1666 2429 ι
1681 2405 1760 2435 τεῖν
1775 2397 1806 2432 L

221 2455 259 2486 10
285 2452 323 2488 δὲ
347 2453 441 2488 VRC
569 2449 685 2490 αὐτοῦ
709 2453 735 2488 C
864 2457 901 2487 11
929 2454 1206 2500 προφαίνοντα,
1233 2465 1277 2487 ον
1301 2463 1344 2487 ex
1368 2463 1459 2488 corr.
1487 2455 1513 2489 C
1639 2451 1718 2500 τὴν]
1743 2448 1810 2500 τήν
1833 2467 1874 2490 τε

217 2510 270 2548 (τε
301 2510 471 2552 expunxit
496 2510 539 2551 A)
570 2510 671 2544 AVR
825 2513 864 2544 12
891 2506 945 2551 ὃς]
979 2505 1034 2545 ὠσ
1063 2509 1125 2543 PA
1156 2509 1285 2554 quibus
1315 2509 1385 2543 Lat
1557 2507 1697 2554 ζόντοσ
1722 2510 1748 2545 Ο

217 2559 241 2598 ά
256 2578 272 2594 νε
290 2578 306 2594 *
324 2563 519 2611 οκράτορα
544 2565 574 2600 L
701 2572 898 2613 προειπεῖν
920 2566 982 2601 RC
1108 2562 1320 2612 ἐθάρρησεν
1342 2565 1470 2601 LVRC
1597 2569 1636 2601 13
1661 2566 1730 2603 τὸν
1754 2564 1872 2613 ἄνδρα

217 2619 239 2652 i.
264 2629 374 2662 marg.
400 2620 516 2664 suppl.
535 2623 567 2654 A
637 2620 839 2668 δεσμώτην,
863 2625 884 2657 δ
906 2623 927 2656 i.
953 2631 1022 2656 ras.
1041 2622 1071 2655 A
1167 2624 1205 2656 15
1233 2620 1454 2667 ἐκδιηγεῖται
1473 2621 1545 2656 MV
1568 2620 1748 2668 ἐδιηγεῖτο
1772 2622 1806 2656 R

216 2677 312 2719 περὶ]
345 2675 392 2716 L,
427 2686 494 2710 om.
527 2676 727 2712 PAMVRC
758 2678 795 2712 in
825 2678 894 2711 Lat
926 2674 1024 2723 πρὸς
1054 2676 1266 2712 Herwerden
1414 2681 1453 2711 16
1486 2676 1639 2722 ἔκαμον]
1672 2678 1872 2712 laborasset

214 2730 285 2764 Lat
309 2728 447 2774 ἔκαμεν
470 2731 523 2765 ed.
549 2743 602 2776 pr.
722 2737 760 2768 17
793 2730 947 2777 πλάσμα
971 2733 1031 2767 LC
1146 2728 1358 2769 ἱπόπτευσε
1389 2733 1466 2768 R¹C
1585 2736 1625 2768 18
1650 2734 1771 2769 θείωσ
1793 2732 1827 2767 R

217 2788 256 2819 21
283 2784 425 2822 κελεύει
447 2789 602 2832 λυθῆναι
627 2791 670 2822 tr.
696 2788 726 2821 L
841 2785 998 2834 ἡγεμόσι
1023 2787 1049 2822 C
1166 2787 1227 2829 εἰς]
1257 2785 1360 2834 πρὸσ
1384 2789 1414 2823 L
1530 2792 1571 2823 22
1599 2784 1722 2825 αὐτῶν
1744 2787 1873 2823 PALR

216 2845 340 2877 αυτιῦν
363 2843 396 2877 V
421 2839 537 2878 αὐτὸν
562 2843 587 2876 C
695 2847 736 2877 23
763 2840 795 2879 ὦ
817 2842 950 2890 πάτερ,
977 2841 1056 2889 ἔφη]
1083 2840 1152 2889 ἔφη
1176 2840 1297 2889 πάτερ
1323 2844 1348 2878 C
1457 2847 1497 2879 25
1522 2842 1571 2890 μὴ
1597 2846 1678 2880 ante
1702 2840 1873 2888 λύσωμεν

215 2908 283 2933 om.
309 2897 343 2932 R
433 2893 526 2934 α’λλά
551 2895 737 2944 κόψωμεν
761 2910 828 2934 om.
855 2900 920 2934 VR
1035 2896 1211 2945 κόψομεν
1236 2899 1261 2933 O

1907 901 1943 933 10

1906 1237 1943 1269 15

1907 1575 1942 1607 20

1903 1912 1941 1944 25
