2018 3236
139 233 218 272 516

137 434 215 472 517

136 632 214 672 518

136 834 215 873 519

133 1102 213 1140 520

135 1237 209 1275 521

137 1438 215 1478 522

252 118 332 154 342
660 115 725 148 DE
751 114 908 149 BELLO
934 114 1028 149 ΗΠ).
1053 115 1106 148 111
1131 117 1308 149 516—522
1334 119 1370 157 (x
1397 121 1423 147 s.
1450 120 1481 157 9)

362 231 399 270 8.
446 230 714 279 Παρατείνει
759 224 805 266 δὲ
848 223 925 278 τὴν
964 225 1186 281 Γεννησὰρ
1232 224 1463 280 ὁμώνυμος
1500 227 1621 282 χώρα
1659 228 1896 284 θαυμαστὴ

249 295 382 352 φύσιν
420 309 467 334 τε
504 294 576 334 καὶ
614 292 792 341 κάλλος·
834 288 932 334 οὔτε
969 291 1051 347 γὰρ
1094 288 1201 348 αὕτη
1239 311 1283 336 τι
1322 292 1459 350 φυτὸν
1491 289 1685 347 ἀρνεῖται
1719 294 1791 336 διὰ
1822 295 1898 351 τὴν

249 361 451 416 πιότητα,
473 360 544 401 καὶ
568 361 657 401 πᾶν
680 358 1004 415 πεφυτεύκασιν
1027 359 1069 401 οἷ
1091 359 1333 414 νεμόμενοι,
1361 362 1439 402 τοῦ
1461 355 1502 401 δ>
1530 356 1657 414 ἀέρος
1675 360 1724 403 τὸ
1749 357 1899 416 εὔκρα-

247 445 322 470 τον
362 424 539 480 ἁρμόζει
576 427 648 468 καὶ
685 433 777 474 τοῖς
818 425 1064 482 διαφόροις.
1121 427 1279 481 καρύαι
1313 430 1391 482 μέν
1420 443 1467 483 γε
1497 430 1645 484 φυτιῦν
1675 427 1724 470 τὸ
1753 444 1900 482 χειμε-

248 494 462 550 ριώτατον
495 489 675 546 ἄπειροι
704 491 947 548 τεθήλασιν
979 492 1092 535 ἔνθα
1122 498 1330 550 φοίνικες,
1362 496 1405 537 οἳ
1434 494 1620 548 καύματι
1650 498 1900 550 τρέφονται,

246 569 375 603 συκαῖ
404 560 449 602 δὲ
480 561 553 602 καὶ
585 559 731 602 ἐλαῖαι
761 560 950 616 πλησίον
980 560 1164 612 τούτων,
1198 561 1267 611 αἶς
1296 560 1641 617 μαλθακώτερος
1672 557 1754 619 ἆὴρ
1787 557 1901 604 ἇπο-

247 628 476 670 δέδεικται.
535 628 792 683 φιλοτιμίαν
824 623 876 668 ἄν
905 642 973 676 τις
1004 626 1127 669 εἴποι
1156 630 1232 683 τῆς
1263 628 1436 685 φύσεως
1464 632 1734 685 βιασαμένης
1766 628 1828 678 εἷς
1858 630 1902 671 ἓν

247 703 502 750 συναγαγεῖν
540 693 594 736 τὰ
633 694 802 749 μάχιμα
837 696 910 736 καὶ
940 696 1026 736 τῶν
1057 693 1179 749 ὡρῶν
1212 690 1386 751 ἀγαθὴν
1418 695 1507 749 ἔριν
1538 695 1720 753 ἑκάστης
1751 691 1901 751 ὥσπερ

247 758 612 818 ἀντιποιουμένης
641 764 719 804 τοῦ
746 765 930 816 χωρίου·
969 764 1042 804 καὶ
1072 760 1154 817 γὰρ
1188 760 1237 804 οὗ
1269 762 1403 816 μόνον
1432 765 1585 819 τρέφει
1616 762 1738 819 παρὰ
1770 763 1901 813 δόξαν

247 828 327 878 τὰς
367 828 609 885 διαφόρους
639 823 821 883 ὀπώρας
853 827 965 870 ἀλλὰ
995 830 1067 871 καὶ
1100 829 1406 886 διαφυλάσσει.
1456 828 1511 871 τὰ
1541 833 1620 883 μέν
1650 846 1697 885 γε
1727 831 1901 884 βασιλι-

243 894 419 937 κώτατα
459 895 685 953 σταφυλήν
722 912 770 938 τε
808 897 880 938 καὶ
922 901 1050 938 σῦκον
1090 896 1193 938 δέκα
1223 899 1355 953 μησὶν
1387 892 1685 947 ἀδιαλείπτως
1711 906 1899 952 χορηγεῖ,

243 960 346 1011 τοὺς
372 961 419 1004 δὲ
449 962 633 1012 λοιποὺς
662 961 859 1019 καρποὺς
891 958 951 1006 δι)
988 962 1112 1013 ἔτους
1142 959 1245 1006 ὅλου
1277 959 1677 1020 περιγηράσκοντας
1707 963 1899 1014 ἑαυτοῖς·

246 1028 360 1084 πρός
379 1028 460 1084 γὰρ
487 1032 541 1086 τῇ
570 1032 657 1073 τιῦν
689 1026 829 1085 ἇέρων
861 1026 1073 1087 εὐκρασίᾳ
1102 1033 1174 1072 καὶ
1206 1034 1324 1088 πηγῇ
1355 1031 1582 1087 διάρδεται
1611 1031 1901 1087 γονιμωτάτῃ,

245 1095 552 1153 Καφαρναοὺμ
597 1092 732 1153 αὐτὴν
773 1098 814 1140 οἱ
856 1096 1085 1152 ἐπιχώριοι
1125 1100 1344 1141 καλοῦσιν.
1407 1098 1567 1154 ταύτην
1607 1100 1748 1155 φλέβα
1788 1099 1903 1149 τινες

244 1166 321 1206 τοῦ
352 1165 515 1206 Νείλου
556 1163 730 1217 ἔδοξαν,
772 1164 869 1207 ἐπεὶ
903 1168 1032 1240 γεννᾷ
1061 1168 1124 1221 τῷ
1153 1165 1262 1208 κατὰ
1293 1165 1370 1224 τὴν
1394 1161 1715 1221 Ἀλεξανδρέων
1747 1167 1901 1242 λίμνην

246 1234 460 1286 κορακίνω
482 1231 811 1286 παραπλήσιον.
860 1234 996 1287 μῆκος
1027 1233 1073 1275 δὲ
1103 1236 1180 1276 τοῦ
1208 1237 1370 1288 χωρίου
1402 1237 1659 1288 παρατείνει
1688 1230 1797 1274 κατὰ
1827 1249 1902 1274 τον

249 1296 450 1353 αἰγιαλον
479 1300 558 1354 τῆς
589 1296 822 1353 ὁμωνύμου
855 1300 1007 1356 λίμνης
1039 1299 1113 1342 ἐπὶ
1146 1300 1351 1351 σταδίους
1380 1300 1635 1356 τριάκοντα,
1674 1301 1748 1342 καὶ
1779 1315 1902 1355 ευρος

248 1364 400 1407 εἴκοσι.
450 1382 590 1407 ταυτα
619 1368 699 1420 μὲν
731 1361 871 1416 ου’τως
903 1366 1077 1423 φύσεως
1107 1383 1206 1419 εχει.

361 1436 400 1474 9.
437 1428 775 1483 Ουεσπαοιανός
814 1433 880 1485 δε,
923 1433 1022 1477 επεὶ
1061 1434 1489 1491 παρεσκευάσθησαν
1521 1435 1567 1477 αἱ
1599 1434 1787 1488 σχεδίαι,
1828 1435 1903 1491 τῆς

246 1499 469 1553 δυνάμεως
510 1499 726 1556 επιβησας
764 1495 869 1544 όσον
911 1497 1021 1556 ι’)ἐτο
1062 1510 1155 1551 τοῖς
1190 1501 1299 1543 κατὰ
1331 1500 1408 1557 τὴν
1439 1503 1592 1558 λίμνην
1625 1498 1902 1556 ἀνταρκέσειν

246 1562 500 1623 επανήγετο.
559 1576 652 1616 τοῖς
691 1567 737 1609 δὲ
777 1542 1163 1621 συνελάινομένοις
1203 1564 1296 1610 ούτ)
1341 1568 1416 1611 ἐπὶ
1454 1585 1532 1623 γην
1571 1569 1822 1625 διαφεύγειν
1852 1585 1903 1625 ην

360 1734 592 1770 PAMLVRC
603 1735 907 1779 LatHegesippus
932 1736 985 1769 III
1010 1738 1052 1770 26
1077 1747 1111 1780 p.
1139 1738 1214 1770 219.

360 1806 374 1836 1
401 1799 585 1848 γεννησὲιν
608 1801 638 1835 L
663 1812 841 1847 qenesara
866 1802 934 1836 Lat
1020 1806 1038 1837 2
1063 1799 1229 1838 κάλλουσ
1253 1803 1299 1837 L²
1321 1801 1444 1839 κάλοσ
1468 1803 1515 1837 V¹
1600 1801 1703 1849 αὐτή]
1727 1804 1808 1849 ipsa
1832 1803 1902 1838 Lat

245 1853 336 1904 αὕτη
353 1858 447 1893 PAL
466 1853 580 1902 αὐτὴν
596 1856 730 1891 MVRO
801 1854 980 1905 α’ρνεῖται]
999 1855 1165 1905 οἷρδεῖται
1182 1859 1214 1893 V
1284 1862 1302 1894 3
1327 1856 1512 1905 ποιότητα
1529 1858 1595 1894 VR
1663 1863 1750 1902 πᾶν]
1775 1863 1902 1896 πᾶσαν

244 1913 457 1949 MVRCLat
526 1911 733 1957 νεμιόμενοι
759 1914 869 1948 PAV¹
940 1911 976 1950 δὲ
997 1915 1091 1950 VRO
1161 1918 1181 1949 4
1205 1914 1355 1958 καρύαι]
1379 1915 1511 1962 καρέαι
1528 1916 1567 1951 Μ
1590 1918 1654 1951 καὶ
1679 1915 1781 1962 ῥοιαὶ
1804 1915 1834 1949 L

245 1974 263 2004 5
299 1967 404 2011 ἔνθα]
435 1969 496 2003 uba·
519 1970 624 2003 etiam
649 1969 735 2011 Lat,
767 1974 972 2014 suspectum
997 1971 1183 2006 Destinoni
1251 1973 1428 2017 φοίνικασ
1453 1971 1484 2006 V
1553 1974 1572 2005 6
1598 1970 1650 2014 δὲ]
1675 1985 1715 2008 τε
1738 1970 1833 2006 VRC

245 2027 416 2072 πλησίον]
444 2025 482 2061 αἶ
505 2026 665 2071 πλησίον
688 2026 722 2061 R
790 2021 1088 2073 μαλθακότεροσ
1113 2028 1190 2062 PV²
1276 2031 1292 2061 7
1319 2026 1366 2064 ἄν
1390 2039 1457 2062 om.
1485 2027 1511 2062 C
1580 2027 1762 2073 βιασμένη
1786 2028 1834 2063 V¹

246 2086 265 2117 9
291 2078 620 2127 οἷντιποιουμένησ,
645 2081 714 2116 litt.
740 2080 899 2126 ποιουμέ
925 2083 946 2116 i.
970 2093 1042 2118 ras.
1068 2085 1099 2117 A
1199 2081 1351 2129 τρέφειν
1374 2084 1406 2119 V
1503 2086 1541 2117 10
1566 2080 1612 2120 τὰ
1636 2104 1681 2108 —
1703 2081 1901 2130 βασιλικώ-

244 2141 352 2179 τατα]
377 2137 525 2183 eqreqia
549 2137 690 2182 quidem
715 2143 749 2172 et
772 2138 1035 2184 quodammodo
1060 2140 1253 2184 regnantia
1270 2140 1340 2174 Lat
1456 2143 1491 2173 11
1521 2136 1609 2175 δέκα
1628 2159 1666 2164 —-
1698 2142 1737 2174 12
1764 2135 1901 2181 αὐτοῖς]

245 2198 297 2235 (ut
307 2196 335 2236 -)
365 2193 488 2238 aliqua
512 2204 646 2238 qenera
670 2194 831 2228 maxima
852 2198 960 2239 parte
983 2198 1072 2229 anni
1096 2206 1169 2230 non
1192 2195 1378 2239 deficiant,
1408 2194 1549 2240 reliqua
1574 2196 1693 2230 omnia
1718 2199 1792 2230 tota
1815 2195 1903 2229 anni

244 2254 363 2285 aetate
391 2259 504 2295 usque
530 2249 579 2283 ad
597 2250 705 2293 finem
729 2251 912 2296 supersint
934 2250 1012 2294 Heg
1129 2254 1168 2285 12
1195 2246 1242 2286 δι’
1274 2248 1380 2293 ἔτους
1405 2246 1506 2292 ὅλου]
1534 2254 1591 2287 δὶσ
1614 2254 1682 2287 τοῦ
1703 2247 1849 2297 θέρουσ
1871 2250 1901 2284 L

244 2306 334 2339 anni
354 2305 476 2351 spatio
493 2305 564 2339 Lat
644 2303 802 2348 ἑαυτοῖς]
830 2300 963 2342 advoco
987 2306 1197 2349 PAMVRC,
1223 2317 1290 2342 om.
1316 2307 1388 2342 Lat
1469 2310 1509 2341 13
1534 2310 1591 2352 τῇ]
1617 2303 1684 2352 τὴν
1707 2306 1826 2341 PA¹M

245 2356 449 2408 εὐκρασίαν
473 2361 593 2395 ΡΑ“Μ
730 2358 826 2408 πηγὴ
853 2361 926 2396 MR
1061 2360 1312 2408 γονιμωτάτῃ]
1337 2359 1581 2409 ποτιμωτάτη
1603 2363 1697 2397 VRC
1723 2362 1902 2397 uberrimo

244 2417 316 2452 Lat
387 2421 426 2452 14
451 2414 718 2464 καφαρναοὺμ,
741 2432 789 2454 κα
815 2427 858 2452 ex
881 2419 944 2453 καὶ
969 2428 1060 2453 corr.
1078 2419 1111 2453 V
1133 2415 1382 2466 καφαρναοὺν
1405 2418 1434 2452 L
1459 2418 1707 2464 capharnaum
1731 2417 1902 2460 LatHeg3

246 2472 291 2507 ef.
329 2473 404 2507 uita
438 2474 458 2515 ξ
494 2476 560 2507 403
697 2473 833 2520 φλέβαι
868 2473 896 2507 P
930 2470 1073 2520 φλέβεσ
1106 2478 1162 2516 (ex
1195 2475 1330 2521 φλέμαι
1362 2484 1452 2509 corr.
1484 2475 1528 2516 A)
1559 2474 1623 2508 AL
1762 2476 1801 2506 15
1834 2475 1903 2509 τοῦ

245 2529 370 2564 νείλου
414 2526 518 2564 τινὲσ
557 2532 600 2564 tr.
645 2529 740 2564 VRC
878 2525 976 2570 τινὲς
1019 2529 1126 2564 iterat
1170 2529 1195 2563 C
1332 2528 1412 2566 ἐπεὶ
1454 2550 1498 2555 -
1542 2533 1583 2564 16
1624 2525 1901 2575 παραπλήσιον]

245 2584 342 2627 quod
361 2583 496 2618 similes
520 2586 690 2619 coracino
713 2586 808 2620 sicut
832 2585 932 2620 lacus
954 2590 1105 2630 ymzerat
1125 2585 1244 2630 pisces
1267 2585 1337 2619 Lat
1449 2583 1530 2620 ἐπεὶ
1553 2587 1678 2634 γεννᾷ]
1703 2582 1902 2629 ἐπιγεννᾶν

246 2638 340 2673 PAL
366 2637 447 2675 ἐπεὶ
471 2642 609 2685 γεννᾶν
632 2640 806 2676 Destinon
877 2643 950 2676 τῶ·
970 2641 1000 2674 L
1025 2637 1069 2676 τὸ
1095 2641 1127 2675 V
1196 2640 1264 2686 τὴν
1288 2651 1355 2675 om.
1381 2640 1413 2675 V
1484 2636 1749 2685 εἶλεξάνδρειαν
1771 2639 1834 2673 ΡΑ

249 2696 290 2727 16
322 2696 542 2739 κωρακίνω-
568 2696 598 2729 L
694 2700 733 2731 17
761 2693 982 2741 ὁμωνύμου·
998 2715 1006 2722 ·
1034 2696 1061 2730 P
1156 2698 1196 2730 18
1221 2699 1352 2737 ταῦτα]
1376 2698 1438 2731 καὶ
1464 2698 1579 2731 ταῦτα
1604 2694 1634 2728 L
1725 2692 1806 2739 μὲν]
1831 2692 1902 2738 μὲν

246 2743 313 2785 οὖν
338 2750 565 2794 Hauerkamp
598 2762 641 2786 ex
665 2752 778 2795 Lugd.
806 2753 873 2786 Bat
966 2746 1064 2787 οὕτω
1089 2751 1223 2786 MVRC
1319 2754 1359 2786 19
1393 2746 1426 2787 δ’
1452 2751 1482 2785 L
1575 2753 1617 2785 20
1642 2747 1900 2797 ἀνταρκέσειν]

247 2800 473 2849 αὕταρκέσιν
497 2805 525 2840 Ρ
551 2801 798 2851 αύταρκέσειν
823 2806 956 2842 AMVO
983 2805 1170 2853 αὕταρκεσ
1195 2805 1287 2844 εἶναι
1312 2807 1342 2841 L
1459 2809 1496 2841 21
1526 2804 1612 2842 οὔτε
1636 2806 1730 2841 VRC
1845 2800 1900 2852 ἦν]

245 2859 332 2906 ἐνῆν
357 2860 483 2895 LVRC

1934 847 1969 879 10

1933 1183 1970 1216 15

1933 1520 1970 1553 20
