<?xml version="1.0" encoding="UTF-8"?>
<!DOCTYPE html PUBLIC "-//W3C//DTD XHTML 1.0 Transitional//EN"
    "http://www.w3.org/TR/xhtml1/DTD/xhtml1-transitional.dtd">
<html xmlns="http://www.w3.org/1999/xhtml" xml:lang="en" lang="en">
 <head>
  <title>
</title>
<meta http-equiv="Content-Type" content="text/html;charset=utf-8" />
  <meta name='ocr-system' content='tesseract 3.04.00' />
  <meta name='ocr-capabilities' content='ocr_page ocr_carea ocr_par ocr_line ocrx_word'/>
</head>
<body>
  <div class='ocr_page' id='page_1' title='image "./operajosephus06joseuoft/operajosephus06joseuoft_0026.png"; bbox 0 0 1987 3246; ppageno 0'>
   <div class='ocr_carea' id='block_1_1' title="bbox 186 140 1105 183">
    <p class='ocr_par' dir='ltr' id='par_1_1' title="bbox 186 140 1105 183">
     <span class='ocr_line' id='line_1_1' title="bbox 186 140 1105 183; baseline 0.01 -9"><span class='ocrx_word' id='word_1_1' title='bbox 186 140 289 175; x_wconf 88' lang='lat' dir='ltr'>XXII</span> <span class='ocrx_word' id='word_1_2' title='bbox 915 146 1105 183; x_wconf 82' lang='lat' dir='ltr'>Praefatio.</span> 
     </span>
    </p>
   </div>
   <div class='ocr_carea' id='block_1_2' title="bbox 183 256 1841 2527">
    <p class='ocr_par' dir='ltr' id='par_1_2' title="bbox 186 256 1841 698">
     <span class='ocr_line' id='line_1_2' title="bbox 187 256 1840 318; baseline 0.006 -21"><span class='ocrx_word' id='word_1_3' title='bbox 187 256 333 309; x_wconf 91' lang='lat' dir='ltr'>uertit,</span> <span class='ocrx_word' id='word_1_4' title='bbox 371 262 411 297; x_wconf 88' lang='lat' dir='ltr'>et</span> <span class='ocrx_word' id='word_1_5' title='bbox 440 270 491 298; x_wconf 92' lang='lat' dir='ltr'>ne</span> <span class='ocrx_word' id='word_1_6' title='bbox 522 258 565 298; x_wconf 90' lang='lat' dir='ltr'>in</span> <span class='ocrx_word' id='word_1_7' title='bbox 595 258 833 300; x_wconf 88' lang='lat' dir='ltr'>nominibus</span> <span class='ocrx_word' id='word_1_8' title='bbox 865 261 1035 312; x_wconf 88' lang='lat' dir='ltr'>quidem</span> <span class='ocrx_word' id='word_1_9' title='bbox 1066 265 1391 307; x_wconf 78' lang='lat' dir='ltr'><strong>transcribendis</strong></span> <span class='ocrx_word' id='word_1_10' title='bbox 1429 267 1587 309; x_wconf 89' lang='lat' dir='ltr'>maiore</span> <span class='ocrx_word' id='word_1_11' title='bbox 1618 266 1840 318; x_wconf 80' lang='lat' dir='ltr'>diligentia</span> 
     </span>
     <span class='ocr_line' id='line_1_3' title="bbox 186 323 1839 385; baseline 0.006 -22"><span class='ocrx_word' id='word_1_12' title='bbox 186 328 376 365; x_wconf 89' lang='lat' dir='ltr'>uersatus</span> <span class='ocrx_word' id='word_1_13' title='bbox 407 328 481 364; x_wconf 89' lang='lat' dir='ltr'>est.</span> <span class='ocrx_word' id='word_1_14' title='bbox 543 323 656 376; x_wconf 88' lang='lat' dir='ltr'>quod</span> <span class='ocrx_word' id='word_1_15' title='bbox 682 337 775 366; x_wconf 86' lang='lat' dir='ltr'>cum</span> <span class='ocrx_word' id='word_1_16' title='bbox 796 327 881 368; x_wconf 88' lang='lat' dir='ltr'>iam</span> <span class='ocrx_word' id='word_1_17' title='bbox 902 327 1081 371; x_wconf 81' lang='lat' dir='ltr'>dixisset</span> <span class='ocrx_word' id='word_1_18' title='bbox 1101 330 1375 385; x_wconf 77' lang='lat' dir='ltr'>Noldeckius,</span> <span class='ocrx_word' id='word_1_19' title='bbox 1408 334 1670 375; x_wconf 87' lang='lat' dir='ltr'>confirmauit</span> <span class='ocrx_word' id='word_1_20' title='bbox 1690 333 1839 374; x_wconf 88' lang='lat' dir='ltr'>Petrus</span> 
     </span>
     <span class='ocr_line' id='line_1_4' title="bbox 188 389 1841 454; baseline 0.007 -25"><span class='ocrx_word' id='word_1_21' title='bbox 188 390 349 440; x_wconf 87' lang='lat' dir='ltr'>Iensen‚</span> <span class='ocrx_word' id='word_1_22' title='bbox 382 390 447 430; x_wconf 90' lang='lat' dir='ltr'>cui</span> <span class='ocrx_word' id='word_1_23' title='bbox 481 402 531 430; x_wconf 88' lang='lat' dir='ltr'>ea</span> <span class='ocrx_word' id='word_1_24' title='bbox 563 389 780 444; x_wconf 80' lang='lat' dir='ltr'>debentur,</span> <span class='ocrx_word' id='word_1_25' title='bbox 813 406 921 445; x_wconf 87' lang='lat' dir='ltr'>quae</span> <span class='ocrx_word' id='word_1_26' title='bbox 952 400 1119 448; x_wconf 89' lang='lat' dir='ltr'>praeter</span> <span class='ocrx_word' id='word_1_27' title='bbox 1139 397 1412 440; x_wconf 85' lang='lat' dir='ltr'>Kotteckium</span> <span class='ocrx_word' id='word_1_28' title='bbox 1434 413 1487 442; x_wconf 81' lang='lat' dir='ltr'>ex</span> <span class='ocrx_word' id='word_1_29' title='bbox 1509 400 1616 454; x_wconf 85' lang='lat' dir='ltr'>Syro</span> <span class='ocrx_word' id='word_1_30' title='bbox 1639 403 1841 452; x_wconf 83' lang='lat' dir='ltr'>excerpta</span> 
     </span>
     <span class='ocr_line' id='line_1_5' title="bbox 187 455 1841 516; baseline 0.006 -19"><span class='ocrx_word' id='word_1_31' title='bbox 187 460 292 497; x_wconf 90' lang='lat' dir='ltr'>sunt.</span> <span class='ocrx_word' id='word_1_32' title='bbox 353 460 538 497; x_wconf 90' lang='lat' dir='ltr'>ceterum</span> <span class='ocrx_word' id='word_1_33' title='bbox 569 455 699 510; x_wconf 87' lang='lat' dir='ltr'>Syrus</span> <span class='ocrx_word' id='word_1_34' title='bbox 731 459 803 501; x_wconf 90' lang='lat' dir='ltr'>ille</span> <span class='ocrx_word' id='word_1_35' title='bbox 834 461 1024 514; x_wconf 87' lang='lat' dir='ltr'>quisquis</span> <span class='ocrx_word' id='word_1_36' title='bbox 1055 463 1145 516; x_wconf 83' lang='lat' dir='ltr'>fuit,</span> <span class='ocrx_word' id='word_1_37' title='bbox 1182 465 1448 508; x_wconf 80' lang='lat' dir='ltr'>mediocriter</span> <span class='ocrx_word' id='word_1_38' title='bbox 1477 468 1556 509; x_wconf 87' lang='lat' dir='ltr'>fuit</span> <span class='ocrx_word' id='word_1_39' title='bbox 1586 467 1732 509; x_wconf 87' lang='lat' dir='ltr'>doctus</span> <span class='ocrx_word' id='word_1_40' title='bbox 1763 479 1841 507; x_wconf 88' lang='lat' dir='ltr'>nec</span> 
     </span>
     <span class='ocr_line' id='line_1_6' title="bbox 186 522 1840 588; baseline 0.008 -27"><span class='ocrx_word' id='word_1_41' title='bbox 186 522 307 564; x_wconf 84' lang='lat' dir='ltr'>nimis</span> <span class='ocrx_word' id='word_1_42' title='bbox 347 522 594 576; x_wconf 82' lang='lat' dir='ltr'>diligentem</span> <span class='ocrx_word' id='word_1_43' title='bbox 630 538 801 578; x_wconf 86' lang='lat' dir='ltr'>operam</span> <span class='ocrx_word' id='word_1_44' title='bbox 833 530 1026 582; x_wconf 90' lang='lat' dir='ltr'>nauauit,</span> <span class='ocrx_word' id='word_1_45' title='bbox 1067 543 1144 571; x_wconf 92' lang='lat' dir='ltr'>nec</span> <span class='ocrx_word' id='word_1_46' title='bbox 1181 544 1275 574; x_wconf 88' lang='lat' dir='ltr'>raro</span> <span class='ocrx_word' id='word_1_47' title='bbox 1305 533 1475 586; x_wconf 90' lang='lat' dir='ltr'>Iosephi</span> <span class='ocrx_word' id='word_1_48' title='bbox 1513 535 1653 576; x_wconf 89' lang='lat' dir='ltr'>uerbis</span> <span class='ocrx_word' id='word_1_49' title='bbox 1693 546 1840 588; x_wconf 89' lang='lat' dir='ltr'>parum</span> 
     </span>
     <span class='ocr_line' id='line_1_7' title="bbox 187 589 1838 653; baseline 0.007 -25"><span class='ocrx_word' id='word_1_50' title='bbox 187 589 412 631; x_wconf 79' lang='lat' dir='ltr'>intellectis</span> <span class='ocrx_word' id='word_1_51' title='bbox 457 594 530 631; x_wconf 89' lang='lat' dir='ltr'>aut</span> <span class='ocrx_word' id='word_1_52' title='bbox 575 592 804 635; x_wconf 89' lang='lat' dir='ltr'>omittendo</span> <span class='ocrx_word' id='word_1_53' title='bbox 853 600 925 636; x_wconf 90' lang='lat' dir='ltr'>ant</span> <span class='ocrx_word' id='word_1_54' title='bbox 971 597 1189 639; x_wconf 87' lang='lat' dir='ltr'>ariolando</span> <span class='ocrx_word' id='word_1_55' title='bbox 1238 612 1357 640; x_wconf 89' lang='lat' dir='ltr'>suam</span> <span class='ocrx_word' id='word_1_56' title='bbox 1403 601 1657 653; x_wconf 85' lang='lat' dir='ltr'>imperitiam</span> <span class='ocrx_word' id='word_1_57' title='bbox 1700 601 1838 642; x_wconf 90' lang='lat' dir='ltr'>celare</span> 
     </span>
     <span class='ocr_line' id='line_1_8' title="bbox 186 655 356 698; baseline 0 -2"><span class='ocrx_word' id='word_1_58' title='bbox 186 655 356 698; x_wconf 75' lang='lat' dir='ltr'>studuit.</span> 
     </span>
    </p>

    <p class='ocr_par' dir='ltr' id='par_1_3' title="bbox 185 723 1841 1187">
     <span class='ocr_line' id='line_1_9' title="bbox 297 723 1840 786; baseline 0.005 -23"><span class='ocrx_word' id='word_1_59' title='bbox 297 723 491 777; x_wconf 87' lang='lat' dir='ltr'>Denique</span> <span class='ocrx_word' id='word_1_60' title='bbox 526 725 774 770; x_wconf 87' lang='lat' dir='ltr'>Moskouiae</span> <span class='ocrx_word' id='word_1_61' title='bbox 815 734 959 772; x_wconf 82' lang='lat' dir='ltr'>extare</span> <span class='ocrx_word' id='word_1_62' title='bbox 999 731 1152 772; x_wconf 89' lang='lat' dir='ltr'>dicitur</span> <span class='ocrx_word' id='word_1_63' title='bbox 1188 731 1360 786; x_wconf 87' lang='lat' dir='ltr'>Iosephi</span> <span class='ocrx_word' id='word_1_64' title='bbox 1399 739 1440 774; x_wconf 91' lang='lat' dir='ltr'>et</span> <span class='ocrx_word' id='word_1_65' title='bbox 1470 733 1764 786; x_wconf 86' lang='lat' dir='ltr'>antiquitatum</span> <span class='ocrx_word' id='word_1_66' title='bbox 1800 734 1840 771; x_wconf 92' lang='lat' dir='ltr'>et</span> 
     </span>
     <span class='ocr_line' id='line_1_10' title="bbox 186 789 1841 852; baseline 0.005 -22"><span class='ocrx_word' id='word_1_67' title='bbox 186 789 288 831; x_wconf 89' lang='lat' dir='ltr'>belli</span> <span class='ocrx_word' id='word_1_68' title='bbox 319 790 483 832; x_wconf 90' lang='lat' dir='ltr'>Iudaici</span> <span class='ocrx_word' id='word_1_69' title='bbox 521 793 658 832; x_wconf 78' lang='lat' dir='ltr'>uerse’o</span> <span class='ocrx_word' id='word_1_70' title='bbox 690 792 877 842; x_wconf 77' lang='lat' dir='ltr'>Slaue&#39;ea,</span> <span class='ocrx_word' id='word_1_71' title='bbox 919 796 971 838; x_wconf 89' lang='lat' dir='ltr'>de</span> <span class='ocrx_word' id='word_1_72' title='bbox 1011 811 1094 851; x_wconf 88' lang='lat' dir='ltr'>qua</span> <span class='ocrx_word' id='word_1_73' title='bbox 1133 799 1282 841; x_wconf 87' lang='lat' dir='ltr'>litteris</span> <span class='ocrx_word' id='word_1_74' title='bbox 1313 799 1459 841; x_wconf 90' lang='lat' dir='ltr'>Niesio</span> <span class='ocrx_word' id='word_1_75' title='bbox 1498 800 1637 842; x_wconf 89' lang='lat' dir='ltr'>missis</span> <span class='ocrx_word' id='word_1_76' title='bbox 1672 798 1841 852; x_wconf 79' lang='lat' dir='ltr'>scripsit</span> 
     </span>
     <span class='ocr_line' id='line_1_11' title="bbox 187 856 1839 920; baseline 0.005 -23"><span class='ocrx_word' id='word_1_77' title='bbox 187 856 230 897; x_wconf 81' lang='lat' dir='ltr'>O.</span> <span class='ocrx_word' id='word_1_78' title='bbox 250 857 296 898; x_wconf 87' lang='lat' dir='ltr'>E.</span> <span class='ocrx_word' id='word_1_79' title='bbox 315 857 463 911; x_wconf 82' lang='lat' dir='ltr'>Gleye,</span> <span class='ocrx_word' id='word_1_80' title='bbox 496 860 567 912; x_wconf 90' lang='lat' dir='ltr'>qui</span> <span class='ocrx_word' id='word_1_81' title='bbox 595 860 750 902; x_wconf 90' lang='lat' dir='ltr'>bellum</span> <span class='ocrx_word' id='word_1_82' title='bbox 772 862 990 905; x_wconf 89' lang='lat' dir='ltr'>Iudaicum</span> <span class='ocrx_word' id='word_1_83' title='bbox 1012 867 1171 907; x_wconf 80' lang='lat' dir='ltr'>rettulit</span> <span class='ocrx_word' id='word_1_84' title='bbox 1191 879 1326 919; x_wconf 90' lang='lat' dir='ltr'>paene</span> <span class='ocrx_word' id='word_1_85' title='bbox 1347 870 1479 908; x_wconf 90' lang='lat' dir='ltr'>totum</span> <span class='ocrx_word' id='word_1_86' title='bbox 1501 870 1712 920; x_wconf 88' lang='lat' dir='ltr'>superstes</span> <span class='ocrx_word' id='word_1_87' title='bbox 1734 877 1839 917; x_wconf 88' lang='lat' dir='ltr'>esse,</span> 
     </span>
     <span class='ocr_line' id='line_1_12' title="bbox 185 925 1840 988; baseline 0.005 -24"><span class='ocrx_word' id='word_1_88' title='bbox 185 925 457 977; x_wconf 82' lang='lat' dir='ltr'>antiquitates</span> <span class='ocrx_word' id='word_1_89' title='bbox 487 930 627 968; x_wconf 89' lang='lat' dir='ltr'>autem</span> <span class='ocrx_word' id='word_1_90' title='bbox 657 933 698 969; x_wconf 91' lang='lat' dir='ltr'>et</span> <span class='ocrx_word' id='word_1_91' title='bbox 729 936 950 983; x_wconf 75' lang='lat' dir='ltr'>excerptas</span> <span class='ocrx_word' id='word_1_92' title='bbox 982 945 1073 974; x_wconf 88' lang='lat' dir='ltr'>esse</span> <span class='ocrx_word' id='word_1_93' title='bbox 1106 938 1146 974; x_wconf 90' lang='lat' dir='ltr'>et</span> <span class='ocrx_word' id='word_1_94' title='bbox 1177 934 1465 987; x_wconf 84' lang='lat' dir='ltr'>interpolatas.</span> <span class='ocrx_word' id='word_1_95' title='bbox 1525 934 1647 988; x_wconf 86' lang='lat' dir='ltr'>plura</span> <span class='ocrx_word' id='word_1_96' title='bbox 1677 932 1729 974; x_wconf 89' lang='lat' dir='ltr'>de</span> <span class='ocrx_word' id='word_1_97' title='bbox 1760 931 1840 973; x_wconf 86' lang='lat' dir='ltr'>hac</span> 
     </span>
     <span class='ocr_line' id='line_1_13' title="bbox 185 992 1841 1052; baseline 0.005 -21"><span class='ocrx_word' id='word_1_98' title='bbox 185 992 378 1034; x_wconf 90' lang='lat' dir='ltr'>uersione</span> <span class='ocrx_word' id='word_1_99' title='bbox 410 1005 492 1033; x_wconf 92' lang='lat' dir='ltr'>non</span> <span class='ocrx_word' id='word_1_100' title='bbox 518 994 798 1050; x_wconf 88' lang='lat' dir='ltr'>innotuerunt,</span> <span class='ocrx_word' id='word_1_101' title='bbox 830 1004 871 1039; x_wconf 92' lang='lat' dir='ltr'>et</span> <span class='ocrx_word' id='word_1_102' title='bbox 901 1004 1077 1052; x_wconf 87' lang='lat' dir='ltr'>apparet</span> <span class='ocrx_word' id='word_1_103' title='bbox 1109 1013 1200 1041; x_wconf 89' lang='lat' dir='ltr'>eam</span> <span class='ocrx_word' id='word_1_104' title='bbox 1221 1005 1318 1042; x_wconf 88' lang='lat' dir='ltr'>ante</span> <span class='ocrx_word' id='word_1_105' title='bbox 1339 1000 1553 1042; x_wconf 84' lang='lat' dir='ltr'>saeculum</span> <span class='ocrx_word' id='word_1_106' title='bbox 1574 1000 1841 1042; x_wconf 90' lang='lat' dir='ltr'>undecimum</span> 
     </span>
     <span class='ocr_line' id='line_1_14' title="bbox 186 1058 1840 1121; baseline 0.005 -23"><span class='ocrx_word' id='word_1_107' title='bbox 186 1058 418 1100; x_wconf 86' lang='lat' dir='ltr'>confectam</span> <span class='ocrx_word' id='word_1_108' title='bbox 451 1072 542 1102; x_wconf 88' lang='lat' dir='ltr'>esse</span> <span class='ocrx_word' id='word_1_109' title='bbox 573 1074 655 1103; x_wconf 94' lang='lat' dir='ltr'>non</span> <span class='ocrx_word' id='word_1_110' title='bbox 684 1076 822 1116; x_wconf 86' lang='lat' dir='ltr'>posse.</span> <span class='ocrx_word' id='word_1_111' title='bbox 870 1066 1099 1118; x_wconf 90' lang='lat' dir='ltr'>aliquando</span> <span class='ocrx_word' id='word_1_112' title='bbox 1132 1066 1210 1109; x_wconf 89' lang='lat' dir='ltr'>hac</span> <span class='ocrx_word' id='word_1_113' title='bbox 1239 1069 1431 1109; x_wconf 87' lang='lat' dir='ltr'>uersione</span> <span class='ocrx_word' id='word_1_114' title='bbox 1454 1068 1651 1121; x_wconf 83' lang='lat' dir='ltr'>euulgata</span> <span class='ocrx_word' id='word_1_115' title='bbox 1671 1079 1840 1120; x_wconf 85' lang='lat' dir='ltr'>speran-</span> 
     </span>
     <span class='ocr_line' id='line_1_15' title="bbox 186 1123 1512 1187; baseline 0.009 -23"><span class='ocrx_word' id='word_1_116' title='bbox 186 1123 283 1165; x_wconf 89' lang='lat' dir='ltr'>dum</span> <span class='ocrx_word' id='word_1_117' title='bbox 315 1129 378 1166; x_wconf 88' lang='lat' dir='ltr'>est</span> <span class='ocrx_word' id='word_1_118' title='bbox 407 1139 483 1168; x_wconf 88' lang='lat' dir='ltr'>nos</span> <span class='ocrx_word' id='word_1_119' title='bbox 514 1127 603 1169; x_wconf 83' lang='lat' dir='ltr'>fore</span> <span class='ocrx_word' id='word_1_120' title='bbox 635 1130 820 1183; x_wconf 89' lang='lat' dir='ltr'>edoctos,</span> <span class='ocrx_word' id='word_1_121' title='bbox 852 1134 1021 1185; x_wconf 89' lang='lat' dir='ltr'>qualem</span> <span class='ocrx_word' id='word_1_122' title='bbox 1051 1134 1277 1187; x_wconf 83' lang='lat' dir='ltr'>Iosephum</span> <span class='ocrx_word' id='word_1_123' title='bbox 1308 1134 1512 1176; x_wconf 88' lang='lat' dir='ltr'>habuerit.</span> 
     </span>
    </p>

    <p class='ocr_par' dir='ltr' id='par_1_4' title="bbox 183 1190 1841 2059">
     <span class='ocr_line' id='line_1_16' title="bbox 296 1190 1838 1255; baseline 0.006 -23"><span class='ocrx_word' id='word_1_124' title='bbox 296 1190 469 1234; x_wconf 86' lang='lat' dir='ltr'>Praeter</span> <span class='ocrx_word' id='word_1_125' title='bbox 499 1195 666 1239; x_wconf 87' lang='lat' dir='ltr'>codices</span> <span class='ocrx_word' id='word_1_126' title='bbox 708 1203 749 1239; x_wconf 87' lang='lat' dir='ltr'>et</span> <span class='ocrx_word' id='word_1_127' title='bbox 787 1205 1056 1252; x_wconf 78' lang='lat' dir='ltr'>excerptores</span> <span class='ocrx_word' id='word_1_128' title='bbox 1095 1207 1135 1243; x_wconf 87' lang='lat' dir='ltr'>et</span> <span class='ocrx_word' id='word_1_129' title='bbox 1167 1203 1381 1244; x_wconf 77' lang='lat' dir='ltr'>uei-siones</span> <span class='ocrx_word' id='word_1_130' title='bbox 1412 1203 1606 1255; x_wconf 89' lang='lat' dir='ltr'>antiquas</span> <span class='ocrx_word' id='word_1_131' title='bbox 1637 1200 1691 1243; x_wconf 87' lang='lat' dir='ltr'>ad</span> <span class='ocrx_word' id='word_1_132' title='bbox 1722 1200 1838 1242; x_wconf 86' lang='lat' dir='ltr'>resti-</span> 
     </span>
     <span class='ocr_line' id='line_1_17' title="bbox 185 1257 1841 1321; baseline 0.006 -23"><span class='ocrx_word' id='word_1_133' title='bbox 185 1257 341 1300; x_wconf 87' lang='lat' dir='ltr'>tuenda</span> <span class='ocrx_word' id='word_1_134' title='bbox 370 1259 540 1313; x_wconf 86' lang='lat' dir='ltr'>Iosephi</span> <span class='ocrx_word' id='word_1_135' title='bbox 572 1264 703 1305; x_wconf 92' lang='lat' dir='ltr'>uerba</span> <span class='ocrx_word' id='word_1_136' title='bbox 740 1267 832 1307; x_wconf 92' lang='lat' dir='ltr'>usui</span> <span class='ocrx_word' id='word_1_137' title='bbox 864 1280 956 1308; x_wconf 83' lang='lat' dir='ltr'>esse</span> <span class='ocrx_word' id='word_1_138' title='bbox 986 1271 1160 1320; x_wconf 77' lang='lat' dir='ltr'>possunt</span> <span class='ocrx_word' id='word_1_139' title='bbox 1191 1280 1242 1308; x_wconf 89' lang='lat' dir='ltr'>ea</span> <span class='ocrx_word' id='word_1_140' title='bbox 1279 1281 1387 1321; x_wconf 92' lang='lat' dir='ltr'>quae</span> <span class='ocrx_word' id='word_1_141' title='bbox 1424 1269 1648 1321; x_wconf 85' lang='lat' dir='ltr'>scriptores</span> <span class='ocrx_word' id='word_1_142' title='bbox 1678 1267 1841 1320; x_wconf 83' lang='lat' dir='ltr'>antiqui</span> 
     </span>
     <span class='ocr_line' id='line_1_18' title="bbox 186 1334 1839 1387; baseline 0.006 -22"><span class='ocrx_word' id='word_1_143' title='bbox 186 1337 238 1365; x_wconf 78' lang='lat' dir='ltr'>ex</span> <span class='ocrx_word' id='word_1_144' title='bbox 268 1338 318 1367; x_wconf 92' lang='lat' dir='ltr'>eo</span> <span class='ocrx_word' id='word_1_145' title='bbox 350 1335 649 1381; x_wconf 80' lang='lat' dir='ltr'>excerpserunt</span> <span class='ocrx_word' id='word_1_146' title='bbox 678 1337 750 1373; x_wconf 91' lang='lat' dir='ltr'>aut</span> <span class='ocrx_word' id='word_1_147' title='bbox 779 1334 954 1375; x_wconf 87' lang='lat' dir='ltr'>mutuati</span> <span class='ocrx_word' id='word_1_148' title='bbox 985 1338 1101 1386; x_wconf 90' lang='lat' dir='ltr'>sunt,</span> <span class='ocrx_word' id='word_1_149' title='bbox 1142 1347 1317 1387; x_wconf 87' lang='lat' dir='ltr'>quorum</span> <span class='ocrx_word' id='word_1_150' title='bbox 1357 1336 1641 1377; x_wconf 86' lang='lat' dir='ltr'>testimonium</span> <span class='ocrx_word' id='word_1_151' title='bbox 1681 1340 1726 1376; x_wconf 91' lang='lat' dir='ltr'>ut</span> <span class='ocrx_word' id='word_1_152' title='bbox 1755 1347 1839 1376; x_wconf 91' lang='lat' dir='ltr'>non</span> 
     </span>
     <span class='ocr_line' id='line_1_19' title="bbox 184 1390 1840 1456; baseline 0.007 -26"><span class='ocrx_word' id='word_1_153' title='bbox 184 1390 471 1445; x_wconf 86' lang='lat' dir='ltr'>imprudenter</span> <span class='ocrx_word' id='word_1_154' title='bbox 515 1396 802 1441; x_wconf 85' lang='lat' dir='ltr'>adhibendum</span> <span class='ocrx_word' id='word_1_155' title='bbox 848 1409 929 1454; x_wconf 85' lang='lat' dir='ltr'>est,</span> <span class='ocrx_word' id='word_1_156' title='bbox 979 1415 1072 1444; x_wconf 88' lang='lat' dir='ltr'>cum</span> <span class='ocrx_word' id='word_1_157' title='bbox 1116 1415 1243 1456; x_wconf 82' lang='lat' dir='ltr'>saepe</span> <span class='ocrx_word' id='word_1_158' title='bbox 1282 1403 1508 1456; x_wconf 86' lang='lat' dir='ltr'>scriptores</span> <span class='ocrx_word' id='word_1_159' title='bbox 1549 1416 1600 1444; x_wconf 92' lang='lat' dir='ltr'>ea</span> <span class='ocrx_word' id='word_1_160' title='bbox 1639 1415 1746 1455; x_wconf 88' lang='lat' dir='ltr'>quae</span> <span class='ocrx_word' id='word_1_161' title='bbox 1787 1414 1840 1442; x_wconf 83' lang='lat' dir='ltr'>ex</span> 
     </span>
     <span class='ocr_line' id='line_1_20' title="bbox 184 1458 1840 1523; baseline 0.006 -25"><span class='ocrx_word' id='word_1_162' title='bbox 184 1458 280 1499; x_wconf 85' lang='lat' dir='ltr'>aliis</span> <span class='ocrx_word' id='word_1_163' title='bbox 318 1468 582 1514; x_wconf 82' lang='lat' dir='ltr'>sumpserunt</span> <span class='ocrx_word' id='word_1_164' title='bbox 622 1465 861 1522; x_wconf 88' lang='lat' dir='ltr'>immutent,</span> <span class='ocrx_word' id='word_1_165' title='bbox 902 1470 961 1511; x_wconf 91' lang='lat' dir='ltr'>ita</span> <span class='ocrx_word' id='word_1_166' title='bbox 999 1469 1208 1510; x_wconf 88' lang='lat' dir='ltr'>interdum</span> <span class='ocrx_word' id='word_1_167' title='bbox 1249 1470 1467 1523; x_wconf 83' lang='lat' dir='ltr'>permagni</span> <span class='ocrx_word' id='word_1_168' title='bbox 1499 1475 1562 1512; x_wconf 90' lang='lat' dir='ltr'>est</span> <span class='ocrx_word' id='word_1_169' title='bbox 1598 1468 1840 1511; x_wconf 86' lang='lat' dir='ltr'>faciendum</span> 
     </span>
     <span class='ocr_line' id='line_1_21' title="bbox 184 1530 1839 1590; baseline 0.006 -25"><span class='ocrx_word' id='word_1_170' title='bbox 184 1530 438 1580; x_wconf 82' lang='lat' dir='ltr'>superatque</span> <span class='ocrx_word' id='word_1_171' title='bbox 461 1530 528 1571; x_wconf 92' lang='lat' dir='ltr'>uel</span> <span class='ocrx_word' id='word_1_172' title='bbox 554 1533 939 1585; x_wconf 89' lang='lat' dir='ltr'>antiquissimorum</span> <span class='ocrx_word' id='word_1_173' title='bbox 959 1536 1151 1578; x_wconf 89' lang='lat' dir='ltr'>codicum</span> <span class='ocrx_word' id='word_1_174' title='bbox 1170 1537 1475 1579; x_wconf 81' lang='lat' dir='ltr'>auctoritatem.</span> <span class='ocrx_word' id='word_1_175' title='bbox 1524 1537 1684 1590; x_wconf 89' lang='lat' dir='ltr'>primus</span> <span class='ocrx_word' id='word_1_176' title='bbox 1711 1536 1839 1589; x_wconf 86' lang='lat' dir='ltr'>igitur</span> 
     </span>
     <span class='ocr_line' id='line_1_22' title="bbox 185 1593 1838 1656; baseline 0.007 -24"><span class='ocrx_word' id='word_1_177' title='bbox 185 1604 238 1632; x_wconf 80' lang='lat' dir='ltr'>ex</span> <span class='ocrx_word' id='word_1_178' title='bbox 269 1593 450 1647; x_wconf 90' lang='lat' dir='ltr'>Iosepho</span> <span class='ocrx_word' id='word_1_179' title='bbox 480 1598 601 1649; x_wconf 89' lang='lat' dir='ltr'>plura</span> <span class='ocrx_word' id='word_1_180' title='bbox 626 1602 802 1654; x_wconf 89' lang='lat' dir='ltr'>sumpsit</span> <span class='ocrx_word' id='word_1_181' title='bbox 833 1602 1096 1656; x_wconf 70' lang='lat' dir='ltr'>Porphyrius</span> <span class='ocrx_word' id='word_1_182' title='bbox 1123 1603 1388 1656; x_wconf 87' lang='lat' dir='ltr'>Platonicus,</span> <span class='ocrx_word' id='word_1_183' title='bbox 1427 1605 1498 1656; x_wconf 85' lang='lat' dir='ltr'>qui</span> <span class='ocrx_word' id='word_1_184' title='bbox 1530 1605 1571 1644; x_wconf 93' lang='lat' dir='ltr'>in</span> <span class='ocrx_word' id='word_1_185' title='bbox 1601 1603 1753 1644; x_wconf 89' lang='lat' dir='ltr'>librum</span> <span class='ocrx_word' id='word_1_186' title='bbox 1785 1602 1838 1644; x_wconf 90' lang='lat' dir='ltr'>de</span> 
     </span>
     <span class='ocr_line' id='line_1_23' title="bbox 183 1660 1839 1724; baseline 0.006 -24"><span class='ocrx_word' id='word_1_187' title='bbox 183 1660 438 1705; x_wconf 84' lang='lat' dir='ltr'>abstinentia</span> <span class='ocrx_word' id='word_1_188' title='bbox 467 1663 525 1705; x_wconf 94' lang='lat' dir='ltr'>IV</span> <span class='ocrx_word' id='word_1_189' title='bbox 567 1669 728 1708; x_wconf 86' lang='lat'>11—13</span> <span class='ocrx_word' id='word_1_190' title='bbox 774 1670 828 1722; x_wconf 91' lang='lat' dir='ltr'>(p.</span> <span class='ocrx_word' id='word_1_191' title='bbox 871 1672 949 1710; x_wconf 67' lang='lat'>245</span> <span class='ocrx_word' id='word_1_192' title='bbox 972 1684 1032 1724; x_wconf 85' lang='lat' dir='ltr'>sq.</span> <span class='ocrx_word' id='word_1_193' title='bbox 1073 1670 1239 1719; x_wconf 90' lang='lat' dir='ltr'>Nauck)</span> <span class='ocrx_word' id='word_1_194' title='bbox 1282 1671 1377 1712; x_wconf 91' lang='lat' dir='ltr'>bell.</span> <span class='ocrx_word' id='word_1_195' title='bbox 1426 1671 1515 1712; x_wconf 91' lang='lat' dir='ltr'>Iud.</span> <span class='ocrx_word' id='word_1_196' title='bbox 1547 1671 1587 1712; x_wconf 89' lang='grc' dir='ltr'>ΙΙ</span> <span class='ocrx_word' id='word_1_197' title='bbox 1624 1671 1839 1712; x_wconf 77' lang='lat'>119—159</span> 
     </span>
     <span class='ocr_line' id='line_1_24' title="bbox 184 1728 1837 1791; baseline 0.007 -23"><span class='ocrx_word' id='word_1_198' title='bbox 184 1728 330 1779; x_wconf 86' lang='lat' dir='ltr'>paucis</span> <span class='ocrx_word' id='word_1_199' title='bbox 352 1730 517 1773; x_wconf 82' lang='lat' dir='ltr'>omissis</span> <span class='ocrx_word' id='word_1_200' title='bbox 539 1736 761 1776; x_wconf 88' lang='lat' dir='ltr'>transtulit.</span> <span class='ocrx_word' id='word_1_201' title='bbox 805 1736 959 1779; x_wconf 89' lang='lat' dir='ltr'>deinde</span> <span class='ocrx_word' id='word_1_202' title='bbox 981 1739 1170 1791; x_wconf 83' lang='lat' dir='ltr'>sequitur</span> <span class='ocrx_word' id='word_1_203' title='bbox 1191 1737 1406 1790; x_wconf 67' lang='lat' dir='ltr'>Eusebius,</span> <span class='ocrx_word' id='word_1_204' title='bbox 1440 1738 1511 1791; x_wconf 90' lang='lat' dir='ltr'>qui</span> <span class='ocrx_word' id='word_1_205' title='bbox 1542 1737 1692 1791; x_wconf 85' lang='lat' dir='ltr'>uiginti</span> <span class='ocrx_word' id='word_1_206' title='bbox 1723 1737 1837 1779; x_wconf 86' lang='lat' dir='ltr'>locos</span> 
     </span>
     <span class='ocr_line' id='line_1_25' title="bbox 183 1794 1836 1858; baseline 0.007 -24"><span class='ocrx_word' id='word_1_207' title='bbox 183 1794 225 1834; x_wconf 93' lang='lat' dir='ltr'>in</span> <span class='ocrx_word' id='word_1_208' title='bbox 248 1794 465 1839; x_wconf 89' lang='lat' dir='ltr'>historiam</span> <span class='ocrx_word' id='word_1_209' title='bbox 488 1801 817 1845; x_wconf 82' lang='lat' dir='ltr'>ecelesiasticam</span> <span class='ocrx_word' id='word_1_210' title='bbox 839 1806 1078 1858; x_wconf 87' lang='lat' dir='ltr'>assumpsit,</span> <span class='ocrx_word' id='word_1_211' title='bbox 1101 1805 1206 1847; x_wconf 90' lang='lat' dir='ltr'>duos</span> <span class='ocrx_word' id='word_1_212' title='bbox 1229 1806 1269 1846; x_wconf 92' lang='lat' dir='ltr'>in</span> <span class='ocrx_word' id='word_1_213' title='bbox 1293 1805 1691 1847; x_wconf 86' lang='lat' dir='ltr'>demonstrationem</span> <span class='ocrx_word' id='word_1_214' title='bbox 1712 1817 1836 1845; x_wconf 88' lang='lat' dir='ltr'>euan-</span> 
     </span>
     <span class='ocr_line' id='line_1_26' title="bbox 184 1861 1836 1925; baseline 0.006 -24"><span class='ocrx_word' id='word_1_215' title='bbox 184 1861 377 1913; x_wconf 84' lang='lat' dir='ltr'>gelicam.</span> <span class='ocrx_word' id='word_1_216' title='bbox 401 1877 525 1906; x_wconf 90' lang='lat' dir='ltr'>unum</span> <span class='ocrx_word' id='word_1_217' title='bbox 547 1867 684 1910; x_wconf 90' lang='lat' dir='ltr'>locum</span> <span class='ocrx_word' id='word_1_218' title='bbox 707 1872 1012 1913; x_wconf 86' lang='lat' dir='ltr'>conclamatum</span> <span class='ocrx_word' id='word_1_219' title='bbox 1031 1872 1086 1913; x_wconf 93' lang='lat' dir='ltr'>VI</span> <span class='ocrx_word' id='word_1_220' title='bbox 1106 1874 1325 1914; x_wconf 74' lang='lat'>193—214</span> <span class='ocrx_word' id='word_1_221' title='bbox 1347 1872 1400 1914; x_wconf 90' lang='lat' dir='ltr'>de</span> <span class='ocrx_word' id='word_1_222' title='bbox 1422 1876 1552 1914; x_wconf 90' lang='lat' dir='ltr'>matre</span> <span class='ocrx_word' id='word_1_223' title='bbox 1575 1883 1683 1925; x_wconf 89' lang='lat' dir='ltr'>quae</span> <span class='ocrx_word' id='word_1_224' title='bbox 1703 1870 1836 1912; x_wconf 90' lang='lat' dir='ltr'>filium</span> 
     </span>
     <span class='ocr_line' id='line_1_27' title="bbox 185 1929 1836 1993; baseline 0.007 -25"><span class='ocrx_word' id='word_1_225' title='bbox 185 1929 378 1983; x_wconf 91' lang='lat' dir='ltr'>comedit,</span> <span class='ocrx_word' id='word_1_226' title='bbox 411 1936 455 1973; x_wconf 92' lang='lat' dir='ltr'>ut</span> <span class='ocrx_word' id='word_1_227' title='bbox 484 1933 639 1976; x_wconf 88' lang='lat' dir='ltr'>famem</span> <span class='ocrx_word' id='word_1_228' title='bbox 670 1938 878 1993; x_wconf 88' lang='lat' dir='ltr'>toleraret,</span> <span class='ocrx_word' id='word_1_229' title='bbox 912 1939 1177 1993; x_wconf 86' lang='lat' dir='ltr'>quiquidem</span> <span class='ocrx_word' id='word_1_230' title='bbox 1208 1940 1333 1981; x_wconf 90' lang='lat' dir='ltr'>etiam</span> <span class='ocrx_word' id='word_1_231' title='bbox 1363 1940 1416 1981; x_wconf 88' lang='lat' dir='ltr'>ab</span> <span class='ocrx_word' id='word_1_232' title='bbox 1438 1939 1621 1981; x_wconf 90' lang='lat' dir='ltr'>Eusebio</span> <span class='ocrx_word' id='word_1_233' title='bbox 1644 1942 1836 1991; x_wconf 90' lang='lat' dir='ltr'>receptus</span> 
     </span>
     <span class='ocr_line' id='line_1_28' title="bbox 185 1999 1109 2059; baseline 0.013 -24"><span class='ocrx_word' id='word_1_234' title='bbox 185 1999 260 2048; x_wconf 82' lang='lat' dir='ltr'>est,</span> <span class='ocrx_word' id='word_1_235' title='bbox 294 1999 517 2052; x_wconf 80' lang='lat' dir='ltr'>exscripsit</span> <span class='ocrx_word' id='word_1_236' title='bbox 548 2000 752 2043; x_wconf 78' lang='lat' dir='ltr'>Iohannes</span> <span class='ocrx_word' id='word_1_237' title='bbox 786 2004 1109 2059; x_wconf 65' lang='lat' dir='ltr'>Clzrysostomzw.</span> 
     </span>
    </p>

    <p class='ocr_par' dir='ltr' id='par_1_5' title="bbox 183 2062 1836 2527">
     <span class='ocr_line' id='line_1_29' title="bbox 295 2062 1836 2127; baseline 0.005 -24"><span class='ocrx_word' id='word_1_238' title='bbox 295 2062 518 2109; x_wconf 89' lang='lat' dir='ltr'>Breuiores</span> <span class='ocrx_word' id='word_1_239' title='bbox 550 2072 782 2113; x_wconf 86' lang='lat' dir='ltr'>sententiae</span> <span class='ocrx_word' id='word_1_240' title='bbox 804 2080 999 2126; x_wconf 89' lang='lat' dir='ltr'>receptae</span> <span class='ocrx_word' id='word_1_241' title='bbox 1022 2079 1116 2115; x_wconf 89' lang='lat' dir='ltr'>sunt</span> <span class='ocrx_word' id='word_1_242' title='bbox 1144 2074 1186 2114; x_wconf 92' lang='lat' dir='ltr'>in</span> <span class='ocrx_word' id='word_1_243' title='bbox 1211 2074 1420 2127; x_wconf 88' lang='lat' dir='ltr'>parallela</span> <span class='ocrx_word' id='word_1_244' title='bbox 1448 2085 1567 2114; x_wconf 86' lang='lat' dir='ltr'>sacra</span> <span class='ocrx_word' id='word_1_245' title='bbox 1597 2086 1623 2114; x_wconf 83' lang='lat' dir='ltr'>a</span> <span class='ocrx_word' id='word_1_246' title='bbox 1652 2071 1836 2111; x_wconf 75' lang='lat' dir='ltr'>Iohanne</span> 
     </span>
     <span class='ocr_line' id='line_1_30' title="bbox 183 2126 1835 2193; baseline 0.01 -29"><span class='ocrx_word' id='word_1_247' title='bbox 183 2126 444 2171; x_wconf 74' lang='lat' dir='ltr'>Damasceno</span> <span class='ocrx_word' id='word_1_248' title='bbox 488 2135 669 2189; x_wconf 85' lang='lat' dir='ltr'>aliisque</span> <span class='ocrx_word' id='word_1_249' title='bbox 714 2140 903 2181; x_wconf 88' lang='lat' dir='ltr'>collecta.</span> <span class='ocrx_word' id='word_1_250' title='bbox 986 2140 1167 2193; x_wconf 87' lang='lat' dir='ltr'>denique</span> <span class='ocrx_word' id='word_1_251' title='bbox 1215 2154 1298 2182; x_wconf 90' lang='lat' dir='ltr'>non</span> <span class='ocrx_word' id='word_1_252' title='bbox 1345 2153 1482 2192; x_wconf 85' lang='lat' dir='ltr'>pauca</span> <span class='ocrx_word' id='word_1_253' title='bbox 1528 2144 1673 2181; x_wconf 76' lang='lat' dir='ltr'>extant</span> <span class='ocrx_word' id='word_1_254' title='bbox 1721 2138 1835 2192; x_wconf 89' lang='lat' dir='ltr'>apud</span> 
     </span>
     <span class='ocr_line' id='line_1_31' title="bbox 183 2193 1833 2260; baseline 0.008 -28"><span class='ocrx_word' id='word_1_255' title='bbox 183 2193 372 2252; x_wconf 74' lang='lat' dir='ltr'>Sm&#39;dam,</span> <span class='ocrx_word' id='word_1_256' title='bbox 421 2212 597 2252; x_wconf 87' lang='lat' dir='ltr'>quorum</span> <span class='ocrx_word' id='word_1_257' title='bbox 644 2218 796 2258; x_wconf 84' lang='lat' dir='ltr'>magna</span> <span class='ocrx_word' id='word_1_258' title='bbox 834 2219 932 2259; x_wconf 84' lang='lat' dir='ltr'>pars</span> <span class='ocrx_word' id='word_1_259' title='bbox 970 2207 1026 2248; x_wconf 91' lang='lat' dir='ltr'>ad</span> <span class='ocrx_word' id='word_1_260' title='bbox 1067 2212 1267 2260; x_wconf 81' lang='lat' dir='ltr'>excerpta</span> <span class='ocrx_word' id='word_1_261' title='bbox 1312 2206 1658 2249; x_wconf 87' lang='lat' dir='ltr'>Constantiniana</span> <span class='ocrx_word' id='word_1_262' title='bbox 1694 2205 1833 2247; x_wconf 87' lang='lat' dir='ltr'>redire</span> 
     </span>
     <span class='ocr_line' id='line_1_32' title="bbox 183 2262 1833 2326; baseline 0.007 -24"><span class='ocrx_word' id='word_1_263' title='bbox 183 2262 361 2306; x_wconf 85' lang='lat' dir='ltr'>uidetur.</span> <span class='ocrx_word' id='word_1_264' title='bbox 395 2273 616 2319; x_wconf 86' lang='lat' dir='ltr'>praeterea</span> <span class='ocrx_word' id='word_1_265' title='bbox 632 2271 898 2316; x_wconf 88' lang='lat' dir='ltr'>adhibendus</span> <span class='ocrx_word' id='word_1_266' title='bbox 917 2280 1004 2315; x_wconf 87' lang='lat' dir='ltr'>erat</span> <span class='ocrx_word' id='word_1_267' title='bbox 1025 2273 1128 2312; x_wconf 74' lang='lat' dir='ltr'>liber</span> <span class='ocrx_word' id='word_1_268' title='bbox 1141 2273 1482 2326; x_wconf 47' lang='lat' dir='ltr'>poliorceticuffl),</span> <span class='ocrx_word' id='word_1_269' title='bbox 1505 2274 1547 2314; x_wconf 90' lang='lat' dir='ltr'>in</span> <span class='ocrx_word' id='word_1_270' title='bbox 1569 2286 1651 2326; x_wconf 93' lang='lat' dir='ltr'>quo</span> <span class='ocrx_word' id='word_1_271' title='bbox 1668 2273 1833 2325; x_wconf 86' lang='lat' dir='ltr'>Iotapa·</span> 
     </span>
     <span class='ocr_line' id='line_1_33' title="bbox 183 2333 1833 2395; baseline 0.006 -26"><span class='ocrx_word' id='word_1_272' title='bbox 183 2333 318 2372; x_wconf 89' lang='lat' dir='ltr'>torum</span> <span class='ocrx_word' id='word_1_273' title='bbox 359 2333 524 2378; x_wconf 89' lang='lat' dir='ltr'>obsidio</span> <span class='ocrx_word' id='word_1_274' title='bbox 565 2338 842 2393; x_wconf 77' lang='lat' dir='ltr'>(111229sq.)</span> <span class='ocrx_word' id='word_1_275' title='bbox 882 2346 1072 2383; x_wconf 88' lang='lat' dir='ltr'>narratur</span> <span class='ocrx_word' id='word_1_276' title='bbox 1113 2354 1165 2383; x_wconf 77' lang='lat' dir='ltr'>ex</span> <span class='ocrx_word' id='word_1_277' title='bbox 1199 2340 1393 2395; x_wconf 86' lang='lat' dir='ltr'>Iosepho.</span> <span class='ocrx_word' id='word_1_278' title='bbox 1466 2353 1603 2393; x_wconf 89' lang='lat' dir='ltr'>neque</span> <span class='ocrx_word' id='word_1_279' title='bbox 1643 2339 1833 2381; x_wconf 91' lang='lat' dir='ltr'>omitten-</span> 
     </span>
     <span class='ocr_line' id='line_1_34' title="bbox 183 2395 1834 2461; baseline 0.006 -24"><span class='ocrx_word' id='word_1_280' title='bbox 183 2395 260 2439; x_wconf 90' lang='lat' dir='ltr'>dus</span> <span class='ocrx_word' id='word_1_281' title='bbox 292 2403 355 2440; x_wconf 90' lang='lat' dir='ltr'>est</span> <span class='ocrx_word' id='word_1_282' title='bbox 389 2399 592 2455; x_wconf 63' lang='lat' dir='ltr'>Geor-ye&#39;us</span> <span class='ocrx_word' id='word_1_283' title='bbox 626 2405 861 2461; x_wconf 72' lang='lat' dir='ltr'>SyneelluS,</span> <span class='ocrx_word' id='word_1_284' title='bbox 903 2409 973 2461; x_wconf 89' lang='lat' dir='ltr'>qui</span> <span class='ocrx_word' id='word_1_285' title='bbox 1007 2409 1049 2450; x_wconf 91' lang='lat' dir='ltr'>in</span> <span class='ocrx_word' id='word_1_286' title='bbox 1080 2408 1286 2450; x_wconf 89' lang='lat' dir='ltr'>chronicis</span> <span class='ocrx_word' id='word_1_287' title='bbox 1316 2420 1356 2460; x_wconf 86' lang='lat' dir='ltr'>p.</span> <span class='ocrx_word' id='word_1_288' title='bbox 1390 2409 1468 2448; x_wconf 79' lang='lat'>560</span> <span class='ocrx_word' id='word_1_289' title='bbox 1481 2420 1540 2459; x_wconf 89' lang='lat' dir='ltr'>sq.</span> <span class='ocrx_word' id='word_1_290' title='bbox 1582 2406 1834 2448; x_wconf 89' lang='lat' dir='ltr'>Iudaeorum</span> 
     </span>
     <span class='ocr_line' id='line_1_35' title="bbox 183 2472 1831 2527; baseline 0.007 -25"><span class='ocrx_word' id='word_1_291' title='bbox 183 2475 248 2505; x_wconf 89' lang='lat' dir='ltr'>res</span> <span class='ocrx_word' id='word_1_292' title='bbox 278 2472 419 2509; x_wconf 88' lang='lat' dir='ltr'>narrat</span> <span class='ocrx_word' id='word_1_293' title='bbox 449 2472 632 2514; x_wconf 80' lang='lat' dir='ltr'>maxime</span> <span class='ocrx_word' id='word_1_294' title='bbox 662 2480 829 2517; x_wconf 89' lang='lat' dir='ltr'>secutus</span> <span class='ocrx_word' id='word_1_295' title='bbox 852 2476 953 2517; x_wconf 90' lang='lat' dir='ltr'>belli</span> <span class='ocrx_word' id='word_1_296' title='bbox 974 2475 1137 2517; x_wconf 88' lang='lat' dir='ltr'>Iudaici</span> <span class='ocrx_word' id='word_1_297' title='bbox 1158 2476 1311 2517; x_wconf 87' lang='lat' dir='ltr'>librum</span> <span class='ocrx_word' id='word_1_298' title='bbox 1332 2475 1525 2527; x_wconf 87' lang='lat' dir='ltr'>primum.</span> <span class='ocrx_word' id='word_1_299' title='bbox 1572 2479 1612 2515; x_wconf 86' lang='lat' dir='ltr'>ct</span> <span class='ocrx_word' id='word_1_300' title='bbox 1634 2475 1831 2527; x_wconf 89' lang='lat' dir='ltr'>quoniam</span> 
     </span>
    </p>
   </div>
   <div class='ocr_carea' id='block_1_3' title="bbox 180 2599 1832 2929">
    <p class='ocr_par' dir='ltr' id='par_1_6' title="bbox 180 2599 1832 2929">
     <span class='ocr_line' id='line_1_36' title="bbox 297 2599 1826 2651; baseline 0.005 -19"><span class='ocrx_word' id='word_1_301' title='bbox 297 2599 327 2638; x_wconf 91' lang='lat'>1)</span> <span class='ocrx_word' id='word_1_302' title='bbox 352 2599 463 2634; x_wconf 86' lang='lat' dir='ltr'>ueluti</span> <span class='ocrx_word' id='word_1_303' title='bbox 486 2613 520 2645; x_wconf 90' lang='lat' dir='ltr'>p.</span> <span class='ocrx_word' id='word_1_304' title='bbox 541 2606 616 2646; x_wconf 74' lang='lat'>529,</span> <span class='ocrx_word' id='word_1_305' title='bbox 632 2607 670 2639; x_wconf 80' lang='lat'>21</span> <span class='ocrx_word' id='word_1_306' title='bbox 699 2616 770 2641; x_wconf 90' lang='lat' dir='ltr'>non</span> <span class='ocrx_word' id='word_1_307' title='bbox 788 2605 945 2642; x_wconf 63' lang='grc' dir='ltr'>Α”εναηίε</span> <span class='ocrx_word' id='word_1_308' title='bbox 968 2608 1004 2641; x_wconf 84' lang='grc'>111</span> <span class='ocrx_word' id='word_1_309' title='bbox 1022 2607 1096 2651; x_wconf 79' lang='lat' dir='ltr'>Syr.</span> <span class='ocrx_word' id='word_1_310' title='bbox 1123 2611 1187 2648; x_wconf 87' lang='lat' dir='ltr'>est,</span> <span class='ocrx_word' id='word_1_311' title='bbox 1213 2606 1275 2641; x_wconf 84' lang='lat' dir='ltr'>sed</span> <span class='ocrx_word' id='word_1_312' title='bbox 1292 2604 1466 2647; x_wconf 71' lang='lat' dir='ltr'>Keranos,</span> <span class='ocrx_word' id='word_1_313' title='bbox 1492 2610 1526 2639; x_wconf 82' lang='lat' dir='ltr'>et</span> <span class='ocrx_word' id='word_1_314' title='bbox 1550 2617 1584 2649; x_wconf 86' lang='lat' dir='ltr'>p.</span> <span class='ocrx_word' id='word_1_315' title='bbox 1604 2609 1677 2647; x_wconf 79' lang='lat'>524,</span> <span class='ocrx_word' id='word_1_316' title='bbox 1700 2609 1826 2640; x_wconf 73' lang='lat'>19—21</span> 
     </span>
     <span class='ocr_line' id='line_1_37' title="bbox 181 2650 1830 2705; baseline 0.007 -23"><span class='ocrx_word' id='word_1_317' title='bbox 181 2650 233 2683; x_wconf 87' lang='lat' dir='ltr'>sic</span> <span class='ocrx_word' id='word_1_318' title='bbox 258 2654 363 2688; x_wconf 89' lang='lat' dir='ltr'>uertit</span> <span class='ocrx_word' id='word_1_319' title='bbox 387 2656 613 2695; x_wconf 82' lang='lat' dir='ltr'>Kotteckius:</span> <span class='ocrx_word' id='word_1_320' title='bbox 645 2661 866 2705; x_wconf 64' lang='lat' dir='ltr'>Malachiam,</span> <span class='ocrx_word' id='word_1_321' title='bbox 900 2661 995 2697; x_wconf 78' lang='lat' dir='ltr'>Iuda</span> <span class='ocrx_word' id='word_1_322' title='bbox 1021 2662 1181 2697; x_wconf 70' lang='lat' dir='ltr'>Mer-tons</span> <span class='ocrx_word' id='word_1_323' title='bbox 1205 2661 1303 2696; x_wconf 61' lang='lat' dir='ltr'>Solen</span> <span class='ocrx_word' id='word_1_324' title='bbox 1336 2661 1412 2696; x_wconf 76' lang='lat' dir='ltr'>und</span> <span class='ocrx_word' id='word_1_325' title='bbox 1435 2660 1550 2695; x_wconf 72' lang='lat' dir='ltr'>[akob</span> <span class='ocrx_word' id='word_1_326' title='bbox 1576 2660 1689 2695; x_wconf 76' lang='lat' dir='ltr'>Sosas</span> <span class='ocrx_word' id='word_1_327' title='bbox 1712 2660 1830 2696; x_wconf 76' lang='lat' dir='ltr'>Solm:</span> 
     </span>
     <span class='ocr_line' id='line_1_38' title="bbox 181 2708 1829 2761; baseline 0.007 -23"><span class='ocrx_word' id='word_1_328' title='bbox 181 2715 248 2740; x_wconf 78' lang='lat' dir='ltr'>von</span> <span class='ocrx_word' id='word_1_329' title='bbox 273 2708 340 2743; x_wconf 76' lang='lat' dir='ltr'>den</span> <span class='ocrx_word' id='word_1_330' title='bbox 367 2711 510 2748; x_wconf 74' lang='lat' dir='ltr'>Zeloten</span> <span class='ocrx_word' id='word_1_331' title='bbox 535 2717 624 2752; x_wconf 74' lang='lat' dir='ltr'>zwec&#39;</span> <span class='ocrx_word' id='word_1_332' title='bbox 649 2718 796 2754; x_wconf 71' lang='lat' dir='ltr'>Brz&#39;c&#39;der</span> <span class='ocrx_word' id='word_1_333' title='bbox 813 2720 979 2754; x_wconf 78' lang='lat' dir='ltr'>Arsimon</span> <span class='ocrx_word' id='word_1_334' title='bbox 1002 2718 1078 2753; x_wconf 77' lang='lat' dir='ltr'>und</span> <span class='ocrx_word' id='word_1_335' title='bbox 1094 2717 1209 2759; x_wconf 51' lang='lat' dir='ltr'>Iudam</span> <span class='ocrx_word' id='word_1_336' title='bbox 1233 2718 1294 2752; x_wconf 88' lang='lat' dir='ltr'>sed</span> <span class='ocrx_word' id='word_1_337' title='bbox 1317 2728 1355 2751; x_wconf 87' lang='lat' dir='ltr'>re</span> <span class='ocrx_word' id='word_1_338' title='bbox 1378 2727 1465 2752; x_wconf 83' lang='lat' dir='ltr'>uera</span> <span class='ocrx_word' id='word_1_339' title='bbox 1489 2717 1578 2751; x_wconf 86' lang='lat' dir='ltr'>haec</span> <span class='ocrx_word' id='word_1_340' title='bbox 1603 2716 1688 2751; x_wconf 83' lang='lat' dir='ltr'>dicit</span> <span class='ocrx_word' id='word_1_341' title='bbox 1705 2716 1829 2761; x_wconf 86' lang='lat' dir='ltr'>Syrus:</span> 
     </span>
     <span class='ocr_line' id='line_1_39' title="bbox 180 2760 1832 2817; baseline 0.007 -22"><span class='ocrx_word' id='word_1_342' title='bbox 180 2760 385 2800; x_wconf 74' lang='lat' dir='ltr'>Malaclze&#39;as</span> <span class='ocrx_word' id='word_1_343' title='bbox 407 2774 442 2803; x_wconf 81' lang='lat' dir='ltr'>et</span> <span class='ocrx_word' id='word_1_344' title='bbox 461 2770 562 2814; x_wconf 72' lang='lat' dir='ltr'>filius</span> <span class='ocrx_word' id='word_1_345' title='bbox 585 2772 763 2809; x_wconf 81' lang='lat' dir='ltr'>Metrom&#39;s</span> <span class='ocrx_word' id='word_1_346' title='bbox 786 2775 864 2817; x_wconf 83' lang='lat' dir='ltr'>(sic)</span> <span class='ocrx_word' id='word_1_347' title='bbox 887 2780 922 2810; x_wconf 83' lang='lat' dir='ltr'>et</span> <span class='ocrx_word' id='word_1_348' title='bbox 946 2774 1060 2809; x_wconf 75' lang='lat' dir='ltr'>Iudas</span> <span class='ocrx_word' id='word_1_349' title='bbox 1083 2779 1116 2808; x_wconf 74' lang='lat' dir='ltr'>et</span> <span class='ocrx_word' id='word_1_350' title='bbox 1141 2773 1232 2808; x_wconf 80' lang='lat' dir='ltr'>Sosa</span> <span class='ocrx_word' id='word_1_351' title='bbox 1256 2779 1291 2808; x_wconf 75' lang='lat' dir='ltr'>et</span> <span class='ocrx_word' id='word_1_352' title='bbox 1311 2774 1409 2817; x_wconf 75' lang='lat' dir='ltr'>filius</span> <span class='ocrx_word' id='word_1_353' title='bbox 1428 2771 1552 2807; x_wconf 59' lang='lat' dir='ltr'>Iac-obe·</span> <span class='ocrx_word' id='word_1_354' title='bbox 1575 2777 1609 2807; x_wconf 76' lang='lat' dir='ltr'>ct</span> <span class='ocrx_word' id='word_1_355' title='bbox 1633 2783 1681 2807; x_wconf 62' lang='grc' dir='ltr'>σω</span> <span class='ocrx_word' id='word_1_356' title='bbox 1704 2772 1832 2806; x_wconf 75' lang='lat' dir='ltr'>zelotis</span> 
     </span>
     <span class='ocr_line' id='line_1_40' title="bbox 181 2816 1830 2874; baseline 0.008 -25"><span class='ocrx_word' id='word_1_357' title='bbox 181 2816 252 2852; x_wconf 76' lang='lat' dir='ltr'>duo</span> <span class='ocrx_word' id='word_1_358' title='bbox 275 2821 435 2865; x_wconf 77' lang='lat' dir='ltr'>fratres,</span> <span class='ocrx_word' id='word_1_359' title='bbox 471 2828 638 2862; x_wconf 58' lang='lat' dir='ltr'>Ars-imon</span> <span class='ocrx_word' id='word_1_360' title='bbox 664 2834 699 2864; x_wconf 81' lang='lat' dir='ltr'>et</span> <span class='ocrx_word' id='word_1_361' title='bbox 723 2829 829 2865; x_wconf 74' lang='lat' dir='ltr'>Iuda.</span> <span class='ocrx_word' id='word_1_362' title='bbox 992 2833 1024 2872; x_wconf 77' lang='lat'>2)</span> <span class='ocrx_word' id='word_1_363' title='bbox 1048 2830 1233 2874; x_wconf 79' lang='lat' dir='ltr'>Porphyrii</span> <span class='ocrx_word' id='word_1_364' title='bbox 1263 2830 1330 2864; x_wconf 87' lang='lat' dir='ltr'>hoe</span> <span class='ocrx_word' id='word_1_365' title='bbox 1362 2830 1440 2864; x_wconf 88' lang='lat' dir='ltr'>loco</span> <span class='ocrx_word' id='word_1_366' title='bbox 1465 2829 1521 2863; x_wconf 80' lang='lat' dir='ltr'>usi</span> <span class='ocrx_word' id='word_1_367' title='bbox 1546 2831 1628 2863; x_wconf 84' lang='lat' dir='ltr'>sunt</span> <span class='ocrx_word' id='word_1_368' title='bbox 1652 2828 1830 2863; x_wconf 86' lang='lat' dir='ltr'>Eusebius</span> 
     </span>
     <span class='ocr_line' id='line_1_41' title="bbox 182 2872 1828 2929; baseline 0.007 -23"><span class='ocrx_word' id='word_1_369' title='bbox 182 2872 360 2911; x_wconf 84' lang='lat' dir='ltr'>Cedrenus</span> <span class='ocrx_word' id='word_1_370' title='bbox 386 2884 420 2914; x_wconf 86' lang='lat' dir='ltr'>et</span> <span class='ocrx_word' id='word_1_371' title='bbox 445 2882 582 2917; x_wconf 63' lang='lat' dir='ltr'>suidas</span> <span class='ocrx_word' id='word_1_372' title='bbox 678 2890 709 2927; x_wconf 75' lang='lat'>4)</span> <span class='ocrx_word' id='word_1_373' title='bbox 734 2887 901 2920; x_wconf 86' lang='lat' dir='ltr'>Veterum</span> <span class='ocrx_word' id='word_1_374' title='bbox 920 2886 1252 2921; x_wconf 82' lang='lat' dir='ltr'>Mathematicorum</span> <span class='ocrx_word' id='word_1_375' title='bbox 1270 2895 1380 2929; x_wconf 89' lang='lat' dir='ltr'>opera</span> <span class='ocrx_word' id='word_1_376' title='bbox 1397 2885 1554 2927; x_wconf 86' lang='lat' dir='ltr'>(Parisiis</span> <span class='ocrx_word' id='word_1_377' title='bbox 1575 2887 1672 2926; x_wconf 80' lang='lat'><strong>1693)</strong></span> <span class='ocrx_word' id='word_1_378' title='bbox 1697 2895 1731 2928; x_wconf 88' lang='lat' dir='ltr'>p.</span> <span class='ocrx_word' id='word_1_379' title='bbox 1751 2887 1828 2919; x_wconf 78' lang='lat'>317.</span> 
     </span>
    </p>
   </div>
  </div>
 </body>
</html>
