2039 3282
870 153 1059 188 Praefatio.
1770 158 1799 191 V

137 269 287 318 postea
306 266 402 308 aliis
424 267 636 319 magistris
658 267 837 320 aliisque
861 267 1123 311 adiutoribus
1146 282 1244 311 usus
1268 268 1348 312 1100
1371 270 1459 312 3010
1486 270 1565 312 sibi
1600 273 1797 325 constitit,

140 332 253 385 quod
284 345 383 375 usus
416 338 480 375 est
510 338 599 375 arte
631 334 787 376 aliena.

248 398 335 441 Sed
367 399 474 443 hacc
503 401 578 442 alii
610 406 816 454 quaerant
839 401 984 444 harum
1016 416 1151 445 rerum
1176 404 1312 456 periti.
1365 418 1474 446 nunc
1497 418 1622 447 unum
1644 406 1803 448 adden-

135 465 234 507 dum
283 471 367 519 est,
414 468 526 521 quod
572 468 626 510 ad
667 468 838 523 Iosephi
877 471 1007 512 uerba
1054 471 1313 513 restituenda
1354 472 1633 526 codicumque
1673 473 1800 516 fidem

133 534 460 576 examinandam
505 536 683 578 alicuius
729 542 792 578 est
836 538 1048 579 momenti.
1136 537 1302 579 uidetur
1349 540 1460 580 enini
1507 540 1713 594 Iosephus
1759 542 1802 583 in

132 600 235 642 belli
255 601 416 644 Iudaici
448 603 566 645 libris
599 603 642 645 id
675 604 825 657 egisse,
858 609 903 646 ut
934 604 1093 646 hiatum
1117 606 1306 657 euitaret,
1339 610 1383 646 ut
1405 607 1486 647 iam
1512 608 1800 657 Bensclerus1)

133 667 389 711 obseruauit.
463 670 574 712 idem
621 684 756 724 nuper
801 671 854 713 de
892 672 1214 725 antiquitatibus
1254 671 1496 714 adfirmauit
1538 675 1802 729 Krebsius2),

132 736 203 788 qui
242 740 378 777 utrum
419 750 564 779 uerum
604 738 758 780 uiderit
787 752 941 792 necne,
982 739 1108 780 ualde
1147 738 1322 780 dubium
1355 744 1438 792 cst3
1479 755 1575 782 nam
1616 744 1656 784 in
1696 744 1801 785 anti-

133 802 339 855 quitatum
379 804 495 847 libris
536 806 570 847 si
602 805 808 859 Iosephus
851 805 1011 848 hiatum
1043 807 1241 848 uitiosum
1279 808 1466 860 putauit,
1510 814 1621 851 certe
1652 824 1801 864 parum

131 868 358 923 diligenter
389 872 512 926 cauit,
545 885 596 914 ne
629 885 722 914 eum
753 874 1007 925 admitteret,
1040 876 1183 926 totque
1216 875 1399 916 maxime
1431 876 1472 916 in
1513 877 1630 918 libris
1662 882 1800 930 poste-

134 937 315 980 rioribus
355 943 501 981 extant
540 939 679 982 hiatus
717 940 935 993 exempla,
984 944 1029 981 ut
1066 940 1282 994 Nabems,
1323 942 1394 995 qui
1435 943 1476 984 in
1519 945 1802 988 uoluminibus

131 1004 340 1057 prioribus
372 1006 598 1049 Krebsium
630 1012 796 1048 secutus
828 1010 937 1060 erat,
975 1007 1016 1048 in
1056 1008 1360 1060 posterioribus
1392 1011 1660 1064 relinqueret.
1727 1012 1802 1054 sed

132 1070 246 1123 quod
291 1071 345 1114 de
382 1074 702 1126 antiquitatibus
749 1073 874 1116 ualde
921 1074 1124 1116 incertum
1166 1078 1247 1127 est,
1295 1075 1338 1117 id
1384 1076 1438 1118 de
1478 1077 1590 1119 bello
1628 1078 1801 1122 Iudaico

134 1139 411 1183 confidentius
450 1154 608 1194 ponere
651 1141 770 1193 licet3
817 1141 889 1182 ubi
929 1145 1012 1183 tam
1053 1154 1149 1183 rara
1188 1146 1284 1184 sunt
1320 1142 1458 1187 hiatus
1499 1147 1718 1200 exempla,
1757 1151 1802 1188 ut

133 1206 318 1249 dubitari
344 1220 425 1248 non
456 1209 601 1262 possit,
635 1208 735 1261 quin
768 1209 960 1251 consulto
982 1208 1190 1263 Iosephus
1220 1214 1293 1252 aut
1323 1211 1358 1253 is
1391 1212 1508 1254 cuius
1540 1226 1671 1267 opera
1701 1227 1800 1256 usus

132 1281 208 1327 est,
236 1287 330 1317 eum
352 1275 560 1317 uitauerit.
612 1276 787 1317 minime
809 1275 981 1330 quidem
1003 1276 1057 1317 ab
1080 1277 1194 1318 omni
1218 1276 1334 1319 hiatu
1359 1291 1409 1320 ea
1431 1278 1656 1333 diligentia
1677 1282 1801 1334 cauit,

132 1354 216 1395 qua
254 1355 351 1384 usus
383 1345 446 1384 est
475 1342 684 1385 Isocrates
719 1343 893 1397 eiusque
925 1343 1145 1397 discipuli3
1186 1358 1284 1386 nam
1317 1350 1359 1388 et
1389 1347 1727 1402 interpunctione
1759 1352 1800 1390 et

130 1409 369 1451 nominibus
418 1411 600 1464 propriis
649 1409 789 1453 hiatus
839 1415 1065 1454 excusatur
1109 1416 1150 1454 et
1190 1413 1233 1454 in
1272 1415 1579 1468 monosyllabis
1618 1416 1801 1469 aliisque

131 1476 254 1519 facile
285 1476 542 1531 admittitur3
581 1491 663 1519 non
696 1478 823 1531 igitur
852 1479 1052 1521 uitiosum
1085 1484 1148 1522 est
1177 1479 1370 1536 τελευτᾷ,
1399 1476 1541 1537 Ἰούδᾳ
1573 1485 1627 1536 (p.
1664 1487 1727 1536 11,
1761 1486 1800 1533 4)

128 1549 201 1587 aut
221 1539 421 1599 παρόδου
441 1540 603 1593 Ἰούδας
625 1548 707 1598 (11,
726 1547 794 1597 23)
816 1551 888 1589 aut
910 1544 1155 1601 ἐπεβοήθει
1180 1541 1522 1599 Οὐεσπασιανὸς
1544 1552 1600 1604 (p.
1620 1553 1713 1604 356,
1737 1552 1801 1601 12)

128 1616 200 1655 aut
229 1612 301 1653 καὶ
334 1611 376 1653 οἱ
406 1607 614 1669 ἡμέτεροι
645 1615 699 1668 (p.
725 1616 763 1667 7,
790 1616 826 1665 1)
858 1619 931 1657 aut
962 1604 1008 1655 εὖ
1040 1613 1219 1667 ἔχοντας
1249 1618 1304 1670 (p.
1330 1619 1424 1671 336,
1452 1621 1529 1666 10).
1562 1631 1642 1661 nec
1663 1619 1800 1661 minus

129 1684 354 1723 excusatur
374 1681 452 1721 τοῦ
474 1678 686 1736 ἐνδοτέρω
711 1680 829 1736 ἱεροῦ
847 1685 902 1736 (p.
922 1683 1017 1736 387,
1038 1684 1077 1732 4)
1099 1680 1146 1723 τὸ
1172 1681 1384 1738 ἐνδοτέρω
1408 1683 1527 1739 ἱερὸν
1543 1688 1599 1740 (p.
1618 1687 1713 1740 448,
1735 1687 1800 1735 16)

129 1746 177 1789 τὸ
212 1747 329 1789 κάτω
364 1746 480 1802 ἱερὸν
502 1752 558 1802 (p.
582 1751 676 1802 459,
704 1751 792 1804 16);
822 1764 920 1792 nam
951 1747 1000 1791 τὸ
1025 1748 1238 1805 ἐνδοτέρω
1262 1749 1380 1805 ἱερὸν
1402 1756 1444 1794 01
1464 1750 1512 1793 τὸ
1537 1747 1654 1793 κάτω
1679 1750 1797 1806 ἱερόν

130 1817 172 1858 111
203 1830 332 1858 unum
361 1816 616 1858 uocabulum
648 1820 863 1871 tamquam
895 1818 1106 1861 coaluisse
1136 1819 1345 1862 uidentur.
1404 1824 1448 1862 at
1478 1825 1676 1875 suspecta
1706 1823 1802 1863 sunt

131 1882 271 1927 hiatus
302 1883 380 1924 τοῦ
400 1883 549 1925 κοινοῦ
573 1882 692 1937 ἱεροῦ
713 1886 768 1939 (p.
793 1886 888 1939 388,
914 1887 966 1939 1),
999 1883 1217 1941 δαιμονίῳ
1243 1883 1360 1941 ὁρμῇ
1380 1889 1436 1942 (p.
1462 1890 1556 1941 546,
1583 1890 1634 1941 1),
1668 1881 1801 1928 αὐτοῦ

128 1945 279 1993 ὀπίσω
301 1953 356 2005 (p.
381 1952 475 2004 560,
502 1952 568 2001 10)
605 1952 765 2006 aliique
797 1952 1019 2006 eiusmodi,
1052 1955 1124 2007 qui
1155 1959 1200 1997 ut
1230 1968 1323 1997 raro
1347 1960 1506 2009 extant,
1539 1956 1598 1998 ita
1618 1956 1801 2010 plerum-

131 2032 212 2073 que
243 2018 359 2061 haud
389 2017 566 2061 difficile
596 2019 687 2061 tolli
718 2025 905 2073 possunt.
957 2020 1034 2063 sed
1063 2035 1148 2064 non
1169 2021 1293 2065 huius
1316 2026 1379 2065 est
1400 2023 1483 2065 loci
1513 2024 1555 2064 in
1577 2022 1686 2065 hanc
1713 2035 1801 2064 rem

132 2085 377 2140 diligentius
398 2086 625 2140 inquirere,
657 2100 766 2140 quae
788 2091 962 2130 eatenus
983 2089 1260 2132 memoranda
1282 2095 1384 2144 erat,
1415 2103 1468 2133 ne
1490 2103 1659 2144 prorsus
1680 2103 1800 2144 prae-

130 2153 246 2195 teriri
277 2152 516 2207 uideretur;
548 2158 734 2196 ceterum
766 2155 809 2197 id
839 2156 1102 2209 propositum
1134 2160 1208 2210 est,
1241 2161 1286 2199 ut
1317 2157 1370 2200 de
1401 2158 1601 2201 subsidiis
1630 2158 1799 2211 criticis,

131 2221 283 2274 quibus
315 2222 357 2263 in
389 2220 455 2264 his
486 2221 605 2264 libris
637 2222 813 2266 edendis
845 2223 909 2265 usi
940 2236 1097 2279 sumus,
1129 2225 1372 2268 referamus.

921 2359 1015 2406 §2

247 2435 311 2478 Ac
339 2436 523 2489 primum
565 2435 735 2480 codices
775 2436 1051 2479 enumerandi
1083 2441 1200 2491 sunt,
1243 2438 1395 2491 quibus
1433 2437 1612 2480 traditur
1642 2436 1800 2479 bellum

133 2500 375 2556 Iudaicum,
416 2503 525 2546 inter
563 2517 668 2557 quos
709 2508 917 2548 uetustate
959 2509 1000 2547 et
1039 2505 1192 2547 uirtute
1233 2506 1417 2548 eminent
1448 2504 1492 2547 hi
1523 2508 1706 2557 septem,
1747 2516 1801 2546 ex

132 2569 283 2621 quibus
316 2569 423 2613 haec
455 2570 585 2614 editio
616 2571 805 2614 maxime
835 2576 986 2626 parata
1017 2576 1097 2614 est:

256 2640 289 2678 1.
320 2637 366 2679 Ρ.
427 2638 566 2681 codex
610 2638 828 2682 Parisinus
869 2639 1156 2682 bibliothecae
1200 2641 1426 2682 nationalis
1472 2640 1579 2682 inter
1624 2652 1799 2692 graecos

135 2716 224 2745 nro.
253 2705 358 2745 1425
389 2706 559 2748 saeculo
590 2706 679 2748 fere
701 2706 742 2747 X
763 2711 836 2749 aut
856 2707 919 2748 XI
951 2707 993 2749 in
1024 2707 1280 2750 membranis
1311 2706 1529 2761 quadratis
1560 2707 1740 2760 scriptus
1755 2708 1797 2754 3).

252 2805 282 2843 1)
308 2803 351 2837 de
380 2803 481 2838 hiatu
505 2805 542 2838 in
567 2805 771 2840 oratoribus
804 2805 922 2840 atticis
946 2816 981 2849 p.
1009 2808 1086 2841 557.
1225 2808 1258 2846 2)
1292 2804 1588 2850 Woclzensclzrz'ft
1608 2806 1677 2851 far
1701 2804 1798 2840 Zelas-

133 2856 251 2892 sische
274 2858 483 2905 Plzz’loloqie
510 2863 595 2895 1886
619 2871 654 2905 p.
684 2863 781 2896 1094.
876 2863 908 2902 3)
940 2861 1022 2896 111άο
1055 2862 1255 2906 catalogum
1288 2861 1450 2897 codicum
1474 2861 1796 2906 manuscriptorum

133 2910 368 2948 bibliothecae
392 2914 523 2958 RegIae
547 2916 581 2950 II
606 2927 641 2961 p.
667 2918 746 2952 316.
