1987 3246
231 182 383 217 LXVIII
839 230 841 233 ι
962 179 1151 215 Praefatio.

231 296 264 336 P
305 294 456 336 deinde
488 293 524 334 A
564 305 657 333 cum
688 292 730 333 M
767 296 840 333 aut
869 293 923 344 L3
964 292 1119 334 deinde
1159 292 1389 335 deteriores
1432 306 1597 346 quoque
1629 292 1774 334 LVRC
1814 298 1886 334 aut

233 374 377 403 omnes
407 364 479 401 aut
509 359 663 411 singuli
695 358 806 400 haud
838 372 974 413 pauca
1004 359 1188 412 genuina
1217 359 1406 413 tradunt3
1438 374 1519 402 non
1549 361 1669 413 parui
1702 360 1884 412 denique

231 431 326 469 sunt
355 425 539 468 faciendi
561 425 733 467 Latinus
765 438 859 467 cum
890 425 1134 479 Hegesippo
1168 429 1209 467 et
1239 431 1505 480 excerptores
1537 427 1883 480 Constantiniani,

233 496 273 535 in
291 494 440 547 quibus
460 506 655 545 magnam
677 492 835 545 probae
857 493 1086 534 memoriae
1109 497 1269 544 partem
1292 493 1429 536 inesse
1451 507 1578 547 supra
1599 494 1882 546 exposuimus.

999 616 1021 662 ξ
1059 617 1118 655 16.

342 694 566 746 Reliquum
606 698 689 746 est,
729 697 774 734 ut
805 692 856 734 de
888 691 1143 734 editionibus
1174 692 1363 734 dicamus
1383 695 1422 745 ¹),
1459 706 1632 745 quarum
1665 695 1801 747 prima
1830 694 1883 736 ab

230 762 401 803 Arlenio
426 764 576 813 parata
597 761 793 802 Basileae
824 759 982 812 prodiit
1011 759 1124 812 apud
1146 759 1399 801 Frobenium
1431 773 1539 801 anno
1571 773 1610 813 p.
1633 760 1728 802 Chr.
1766 764 1882 802 1544.

231 828 336 870 haec
367 839 491 880 quem
523 827 673 869 ducem
715 830 860 868 secuta
898 826 973 879 sit,
1012 826 1198 868 nondum
1237 830 1447 879 repertum
1488 830 1561 868 est.
1628 832 1783 868 certum
1822 834 1885 870 est

229 895 447 936 Arlenium
487 894 747 947 expressisse
787 893 976 934 codicem
1011 893 1198 935 familiae
1231 894 1379 935 tertiae
1412 893 1494 945 (C),
1536 894 1577 934 in
1610 906 1692 946 quo
1723 894 1885 936 inerant

232 974 369 1003 rerum
410 961 593 1013 indices3
637 965 821 1002 ceterum
850 960 1089 1003 simillimus
1122 965 1210 1002 erat
1240 960 1503 1002 Berolinensi
1535 965 1576 1002 et
1605 960 1883 1013 Redigerano.

229 1029 304 1071 sed
335 1028 530 1070 Arlenius
568 1040 650 1069 non
689 1040 770 1068 uno
812 1026 958 1069 codice
999 1031 1217 1069 contentus
1257 1032 1365 1079 erat,
1406 1026 1480 1069 sed
1520 1026 1666 1076 dicit2)
1702 1040 1748 1069 se
1778 1028 1884 1070 alios

230 1095 429 1138 habuisse
467 1095 597 1136 libros
627 1108 652 1136 a
682 1095 839 1135 Ioanne
872 1093 997 1136 Croto
1030 1099 1071 1136 et
1102 1094 1225 1136 Petro
1258 1094 1388 1136 Gillio
1420 1093 1729 1147 commodatos,
1770 1098 1810 1136 et
1840 1108 1884 1137 re

230 1175 331 1204 uera
353 1162 561 1215 quaedam
583 1174 636 1203 ex
657 1175 706 1204 eo
726 1160 894 1214 'genere
925 1162 1114 1214 sumpsit,
1147 1162 1263 1203 cuius
1294 1161 1500 1203 antistites
1532 1165 1626 1202 sunt
1647 1161 1733 1202 VR.
1795 1162 1884 1204 eius

231 1229 459 1270 editionem
508 1229 776 1281 insequentes
825 1229 1082 1270 iterauerunt
1126 1228 1271 1281 paucis
1320 1228 1488 1269 mutatis
1527 1232 1599 1269 aut
1637 1228 1883 1270 emendatis.

227 1296 504 1348 amplioribus
526 1295 659 1348 copiis
680 1308 706 1336 a
727 1307 772 1336 se
793 1295 974 1347 aliisque
996 1295 1183 1336 collectis
1208 1298 1304 1348 post
1332 1295 1510 1336 aliorum
1541 1294 1679 1336 irritos
1711 1299 1883 1338 conatus

226 1375 379 1404 nouam
411 1361 639 1403 editionem
671 1361 852 1403 condere
884 1362 1024 1414 coepit
1055 1361 1312 1414 Bernardus,
1344 1362 1415 1414 qui
1446 1375 1554 1403 anno
1593 1362 1695 1401 1687
1729 1361 1884 1404 Oxonii

227 1429 361 1471 edidit
399 1429 501 1470 belli
531 1428 694 1470 Iudaici
734 1428 888 1469 librum
926 1428 1106 1481 primum
1145 1432 1186 1470 et
1223 1428 1452 1469 secundum
1485 1441 1616 1480 usque
1648 1429 1702 1470 ad
1734 1431 1756 1478 ξ
1788 1431 1882 1470 292.

226 1496 430 1538 Bernardi
476 1509 580 1548 opus
626 1496 839 1549 inceptum
887 1499 1045 1536 mutato
1091 1496 1268 1536 consilio
1308 1495 1484 1547 perfecit
1522 1495 1719 1548 Hudson,
1766 1497 1883 1539 cuius

226 1563 355 1605 editio
393 1562 551 1616 prodiit
588 1575 698 1604 anno
733 1564 839 1602 1720
872 1561 1038 1603 Oxonii.
1098 1562 1169 1614 qui
1199 1575 1297 1603 usus
1329 1565 1392 1603 est
1422 1561 1637 1604 codicibus
1668 1562 1883 1605 Vaticanis

226 1631 334 1672 inter
375 1643 478 1683 quos
518 1630 594 1671 fuit
624 1630 680 1681 R,
720 1629 975 1672 Florentinis
1012 1642 1038 1670 a
1069 1629 1236 1681 Bigotio
1268 1629 1480 1680 excussis,
1521 1642 1697 1681 quorum
1728 1629 1806 1671 fuit
1836 1629 1882 1682 L,

225 1698 322 1739 ideo
362 1697 608 1749 Bigotianus
649 1695 777 1748 (329.)
819 1696 978 1748 dictus,
1018 1696 1270 1747 quibusdam
1310 1696 1618 1749 Parisinorum,
1658 1696 1882 1749 Lipsiensi,

225 1763 544 1816 Busbeckiano,
581 1764 861 1816 Redigerano,
893 1763 1112 1805 Vossiano.
1162 1767 1383 1816 praeterea
1414 1763 1620 1816 quaedam
1654 1762 1800 1805 habuit
1831 1776 1883 1804 ex

226 1830 585 1883 Rostgaardian03
608 1831 698 1882 ipse
721 1830 903 1882 denique
926 1830 1102 1870 contulit
1126 1829 1418 1871 Bodleianum.
1466 1830 1659 1872 Hudsoni
1691 1830 1882 1882 uestigiis

226 1898 375 1938 institit
413 1896 758 1949 Hauerkampus,
808 1897 879 1948 qui
919 1896 972 1937 de
1012 1909 1086 1937 suo
1126 1896 1292 1938 addidit
1331 1910 1462 1938 nouas
1503 1910 1556 1938 ex
1596 1896 1740 1938 codice
1779 1896 1881 1938 Vos-

226 1964 344 2006 siano
376 1963 577 2004 lectiones
617 1967 660 2004 et
700 1976 753 2005 ex
784 1963 1120 2016 Rostgaardiano
1161 1977 1187 2004 a
1216 1964 1373 2005 Ioanne
1405 1963 1619 2005 Grammio
1651 1963 1882 2004 Hauniensi

224 2031 346 2084 plura
375 2030 552 2082 accepit.
614 2030 760 2072 habuit
790 2035 1010 2084 praeterea
1041 2030 1345 2083 discrepantias
1377 2030 1567 2072 codicum
1599 2030 1882 2071 Parisinorum

223 2111 310 2139 nro.
338 2098 457 2149 1423,
484 2099 602 2149 1426,
630 2099 747 2150 1427,
775 2100 893 2151 1428,
928 2099 1033 2139 1429
1057 2097 1303 2139 Coisliniani
1333 2098 1406 2136 131
1443 2101 1484 2138 et
1514 2097 1735 2149 fragmenti
1766 2096 1880 2138 Cois-

224 2165 369 2206 liniani
408 2178 434 2205 a
472 2165 679 2206 Doruillio
720 2166 942 2217 collectas,
982 2177 1086 2217 quas
1125 2165 1208 2205 uol.
1247 2164 1288 2205 II
1328 2177 1368 2216 p.
1405 2165 1538 2204 1-56
1570 2164 1611 2204 in
1642 2163 1879 2216 appendice

224 2231 391 2273 adiecit.
451 2231 742 2285 Hauerkampi
775 2232 904 2274 editio
935 2232 1191 2284 reliquorum
1225 2231 1303 2272 fuit
1340 2230 1656 2272 fundamentum
1696 2231 1880 2272 omnium

223 2302 319 2340 ante
353 2298 658 2351 Cardwellum,
697 2300 769 2352 qui
806 2299 1010 2352 neglectis
1050 2298 1162 2340 illius
1202 2297 1410 2339 thesauris
1450 2299 1541 2351 ipse
1583 2310 1715 2339 nouos
1748 2311 1880 2351 appa-

224 2369 337 2407 ratus
377 2365 489 2407 fecit.
564 2365 732 2408 codices
772 2366 898 2418 igitur
938 2365 1152 2407 Parisinos
1198 2366 1300 2405 1425
1341 2368 1381 2405 et
1423 2366 1528 2404 1429
1578 2365 1880 2406 Laurentianos

223 2433 325 2484 plut.
368 2434 418 2473 69
459 2445 546 2473 nro.
592 2434 664 2484 19,
707 2435 778 2485 17,
821 2434 872 2482 36
927 2431 1201 2475 excutiendos
1246 2432 1427 2484 curauit,
1484 2432 1665 2485 denique
1719 2430 1879 2485 Philip-

223 2499 363 2550 picum
378 2500 407 2547 3)
447 2499 538 2552 ipse
578 2499 772 2551 contulit,
812 2499 942 2541 bonos
984 2500 1211 2552 plerosque
1250 2498 1417 2540 codices
1450 2499 1633 2541 omnium
1664 2510 1876 2549 generum.

224 2565 289 2607 his
328 2565 555 2607 editionem
596 2565 837 2617 exornauit,
884 2579 991 2619 quae
1031 2565 1189 2619 prodiit
1227 2565 1381 2608 Oxonii
1420 2579 1528 2607 anno
1571 2565 1676 2606 1837
1716 2564 1878 2606 duobus

224 2632 527 2685 uoluminibus,
573 2633 615 2673 in
664 2645 839 2685 quorum
881 2634 1012 2674 altero
1061 2637 1199 2675 textus
1242 2632 1413 2686 Iosephi
1452 2633 1560 2674 inest
1608 2645 1701 2673 cum
1748 2644 1877 2684 appa·

224 2703 315 2739 ratu
360 2700 525 2753 critico,
580 2699 622 2739 in
671 2700 803 2740 altero
851 2700 989 2740 uersio
1040 2700 1170 2741 latina
1217 2700 1432 2742 adnotatio
1480 2699 1653 2740 indices.
1734 2711 1876 2750 quam-

226 2777 349 2817 quam
389 2766 515 2817 igitur
554 2765 722 2808 codices
759 2779 785 2807 a
815 2765 1054 2807 Cardvvello
1094 2766 1264 2808 fortuito
1304 2767 1438 2819 magis
1477 2778 1599 2818 quam
1637 2769 1749 2806 certo
1781 2778 1875 2807 con-

340 2853 368 2891 1)
393 2833 537 2886 οῑᾞοι.
555 2852 572 2884 I
597 2852 797 2895 p.LXX11.
891 2854 924 2893 2)
950 2852 1032 2887 uide
1056 2851 1190 2886 Arienii
1214 2851 1473 2896 praefationem
1490 2862 1523 2895 p.
1543 2853 1574 2886 6.
1677 2853 1710 2893 3)
1738 2852 1876 2887 codices

223 2907 320 2951 apud
344 2915 423 2940 eum
448 2906 580 2940 habent
603 2906 738 2942 litteras
764 2907 975 2943 PRLNMT.
