2018 3236
140 323 221 362 423

139 590 221 629 424

140 792 222 830 425

140 993 222 1032 426

140 1263 220 1302 427

142 1463 222 1503 428

141 1531 222 1570 429

255 141 333 178 330
655 139 721 173 DE
746 139 904 174 BELLO
929 139 1026 174 IUD.
1052 138 1103 173 ΙΙΙ
1126 141 1304 174 422-429
1328 140 1378 181 (lx
1403 146 1431 172 3.
1460 144 1490 184 4)

256 256 333 310 τῆς
366 249 547 307 Ἰόππης
585 249 671 294 ὑπὸ
711 250 789 307 τὴν
828 250 883 293 ἕω
923 253 1096 306 πνεῖ-μα
1125 255 1274 306 βίαιον
1316 251 1573 296 ἐπιπίπτει·
1613 253 1907 308 μελαμβόριον

254 317 339 362 ὑπὸ
383 321 471 361 τῶν
505 318 639 374 ταύτῃ
672 317 972 372 πλοϊζομένων
1002 320 1221 362 καλεῖται·
1261 321 1333 362 καὶ
1363 319 1443 370 τὰς
1472 321 1550 374 μὲν
1583 316 1792 377 ἀλλήλαις
1821 323 1907 363 τῶν

254 389 359 428 νεῶν
384 382 547 428 αὐτόθι
568 385 816 443 συνήραξεν,
848 385 927 436 τὰς
949 386 995 428 δὲ
1016 386 1131 441 πρὸς
1161 396 1257 437 ταῖς
1288 391 1484 442 πέτραις,
1516 386 1686 437 πολλὰς
1717 387 1763 429 δὲ
1794 386 1909 442 πρὸς

254 449 402 495 ἀντίον
428 455 542 507 κῦμα
572 452 833 507 βιαζομένας
864 453 926 503 εἷς
955 453 1004 496 τὸ
1039 455 1243 508 πέλαγος,
1274 454 1351 496 τόν
1380 470 1428 496 τε
1458 452 1538 509 γὰρ
1572 453 1772 509 αἰγιαλὸν
1802 451 1908 497 ὄντα

252 519 455 577 πετρώδη
501 522 574 563 καὶ
618 519 720 570 τοὺς
765 516 840 563 ἐπ’
892 517 1023 563 αὐτοῦ
1069 522 1310 575 πολεμίους
1351 520 1646 573 ἐδεδοίκεσαν,
1690 527 1909 576 μετέωρος

251 585 525 642 ὑπεραρθεὶς
563 585 585 630 ὁ
626 587 791 630 κλύδων
831 587 1076 642 ἐβάπτιζεν.
1153 580 1204 646 ἦν
1243 584 1282 630 δ’
1325 585 1424 631 οὕτε
1456 591 1594 646 φυγῆς
1632 587 1772 639 τόπος
1812 586 1910 631 οὔτε

251 658 456 708 μένουσιν
496 659 712 712 σωτηρία,
758 659 837 712 βία
875 656 954 709 μὲν
993 652 1153 710 ἀνέμου
1191 658 1267 712 τῆς
1305 655 1537 712 θαλάσσης
1573 655 1908 709 ἐξωθουμένοις,

247 719 468 776 Ῥωμαίων
518 722 564 765 δὲ
606 724 682 779 τῆς
728 723 913 773 πόλεως.
993 725 1064 766 καὶ
1105 722 1246 781 πολλὴ
1284 723 1361 777 μὲν
1408 722 1572 778 οἰμωγὴ
1620 726 1910 780 συρρηγνυμέ-

254 806 339 832 νων
380 789 543 844 έγίνετο
573 793 660 834 τῶν
692 793 895 847 σκαφῶν,
935 790 1073 841 πολίς
1105 786 1146 832 δ’
1184 786 1430 845 ἀγνυμένων
1461 787 1482 833 ὁ
1516 790 1682 847 ψόφος.
1731 792 1805 833 καὶ
1833 793 1910 833 τοῦ

252 857 457 913 πλήθους
502 858 544 900 οἱ
591 858 668 911 μὲν
715 855 802 900 ὑπὸ
849 860 936 900 τῶν
980 858 1184 912 κυμάτων
1221 857 1546 911 καλυπτόμενοι
1585 858 1910 915 διεφθείροντο,

253 925 413 967 πολλοὶ
454 925 500 967 δὲ
539 935 632 976 τοῖς
671 929 895 980 ναυαγίοις
935 924 1272 980 ἐμπλεκόμενοι·
1320 925 1435 975 τινὲς
1475 925 1521 967 δὲ
1562 923 1620 975 ῶς
1658 928 1911 982 κουφοτέρῳ

255 990 333 1046 τὴν
370 992 601 1035 θάλατταν
640 993 840 1049 ἔφθανον
879 995 942 1048 τῷ
981 993 1146 1050 σιδήρῳ
1182 995 1300 1049 σφας
1331 989 1489 1043 αὐτοὺς
1520 988 1810 1046 ἀναιροῦντες.
1860 989 1911 1035 τό

252 1075 299 1114 γε
337 1058 423 1114 μὴν
454 1061 663 1103 πλεῖστον
693 1058 781 1102 ὑπὸ
812 1062 899 1103 τῶν
930 1060 1132 1114 κυμάτων
1163 1060 1452 1117 ἐκφερόμενον
1485 1060 1784 1114 περιεξαίνετο
1814 1069 1911 1110 ταῖς

254 1122 528 1182 ἀπορρῶξιν,
562 1124 620 1178 ῶς
650 1128 927 1183 αἱμαχθῆναι
957 1128 1035 1181 μὲν
1068 1127 1143 1170 ἐπὶ
1175 1129 1384 1170 πλεῖστον
1414 1126 1462 1170 τὸ
1497 1127 1699 1182 πέλαγος,
1731 1129 1909 1185 πληρω-

253 1196 393 1250 θῆναι
435 1194 481 1236 δὲ
522 1197 681 1248 νεκρῶν
719 1194 798 1250 τὴν
837 1195 1080 1247 παράλιον·
1120 1197 1192 1238 καὶ
1231 1194 1313 1250 γὰρ
1351 1194 1453 1245 τοὺς
1493 1193 1567 1237 ἐπὶ
1603 1195 1680 1237 τὸν
1711 1193 1911 1250 αἰγιαλὸν

257 1260 573 1318 ἐκφερομένους
612 1261 856 1319 ἐφεστῶτες
889 1264 931 1306 οἱ
958 1261 1163 1317 Ῥωμαῖοι
1195 1263 1468 1319 διέφθειρον.
1522 1258 1715 1317 ἀριθμὸς
1746 1263 1792 1305 δὲ
1823 1265 1910 1304 τῶν

257 1328 591 1384 ἐκβρασθέντων
637 1330 855 1384 σωμάτων
898 1332 1236 1384 τετρακισχίλιοι
1281 1329 1395 1383 πρὸς
1432 1339 1526 1380 τοῖς
1565 1331 1807 1380 διακοσίοις
1845 1321 1909 1387 ἦν.

249 1393 455 1449 Ῥωμαῖοι
487 1397 534 1439 δὲ
565 1397 774 1451 λαβόντες
807 1395 991 1454 ἀμαχητὶ
1024 1398 1101 1454 τὴν
1133 1398 1265 1440 πόλιν
1291 1397 1689 1440 κατασκάπτουσιν.

383 1469 421 1506 4.
479 1460 637 1521 Ἰόππη
685 1466 763 1519 μὲν
818 1456 893 1508 οὖν
948 1465 990 1507 ἓν
1043 1461 1177 1521 ὀλίγῳ
1228 1465 1371 1521 χρόνῳ
1423 1464 1622 1519 δεύτερον
1674 1462 1762 1507 ὑπὸ
1812 1462 1910 1507 Ῥω-

253 1535 405 1583 μαίοις
435 1530 564 1574 ἑάλω.
644 1529 982 1582 Οὐεσπασιανὸς
1013 1533 1059 1575 δὲ
1091 1531 1149 1583 ῶς
1187 1532 1244 1589 μὴ
1288 1532 1424 1575 πάλιν
1465 1533 1507 1575 οἱ
1538 1534 1747 1586 πειραταὶ
1780 1547 1911 1574 συνα-

367 1654 904 1700 PAMLVRCLatHegesippus
928 1656 981 1689 III
1007 1658 1048 1690 20
1074 1667 1108 1700 p.
1136 1659 1213 1691 207.

370 1715 382 1744 1
402 1709 575 1755 ἐμπίπτει
590 1711 618 1745 L
688 1709 971 1758 μελαμβόρειον
989 1715 1161 1758 (μελανβ-
1174 1712 1219 1754 V)
1232 1712 1365 1747 MVRC
1383 1712 1651 1747 melamborium
1666 1711 1735 1745 Lat
1744 1710 1821 1754 Heg

253 1771 271 1802 2
297 1767 566 1811 πλωϊζομένων
590 1767 705 1802 ML‘2C
848 1763 1034 1812 α’λλὴλαις]
1068 1778 1111 1802 ex
1135 1766 1269 1804 ἄλλαισ
1304 1778 1394 1802 corr.
1421 1779 1465 1803 m.
1493 1771 1511 1802 2
1538 1768 1568 1802 L
1598 1764 1700 1812 πρὸσ
1731 1762 1910 1813 άλλήλαισ

253 1823 388 1859 MVRC
412 1824 507 1858 inter
531 1834 570 1858 se
592 1823 663 1857 Lat
758 1826 777 1857 3
796 1821 1011 1869 συνήραξεν]
1038 1822 1286 1870 συνετάραξεν
1310 1824 1337 1857 Ρ
1364 1823 1589 1870 συνέρραξεν
1613 1823 1675 1857 AL
1703 1820 1909 1869 συνήρραξε

252 1880 320 1914 ΜΟ
344 1878 478 1914 collisit
501 1879 571 1914 Lat
594 1880 737 1914 miscuit
759 1883 868 1924 atque
892 1879 1047 1914 inuoluit
1071 1880 1148 1924 Heg
1254 1878 1397 1921 πολλὰς
1422 1899 1464 1904 —
1490 1883 1509 1913 6
1535 1876 1750 1925 ἐβάπτιζεν]
1775 1878 1909 1912 multae

252 1940 370 1971 autem
395 1947 474 1970 cum
498 1947 633 1980 maana
656 1936 695 1970 ui
718 1935 873 1971 aduerso
897 1940 999 1970 aestu
1023 1937 1225 1971 niterentur
1256 1935 1305 1970 ad
1323 1935 1497 1981 pelaqus,
1530 1947 1613 1970 nam
1637 1939 1672 1969 et
1696 1934 1782 1968 litus
1806 1934 1911 1968 saxis

251 1994 425 2038 infestum
448 1997 483 2027 et
506 1991 625 2027 hostes
648 1993 685 2026 in
710 2003 752 2027 eo
775 1992 993 2026 constitutos
1010 1991 1190 2032 timebant,
1215 1991 1379 2026 sublatae
1402 1991 1439 2025 in
1456 1991 1598 2025 sublimi
1613 1990 1757 2036 φανοῖτο
1773 2001 1910 2036 merqe-

253 2050 385 2085 bantur
409 2049 479 2083 Lat
502 2052 538 2083 et
561 2048 721 2083 similiter
747 2047 821 2091 Heg
951 2047 989 2083 δὲ
1014 2058 1082 2082 0111.
1106 2047 1183 2082 L¹C
1321 2044 1419 2092 πρὸς
1444 2043 1587 2088 ἀντίον]
1619 2048 1858 2091 προσαντίον
1883 2046 1909 2080 Ρ

253 2104 528 2152 προσάντιονῖῙ
541 2099 644 2150 πρόσ
657 2102 789 2140 ὀίντιον
801 2104 834 2138 R
902 2105 923 2137 4
940 2104 1178 2149 βιαζομένας]
1192 2104 1423 2151 βριζομένασ
1435 2103 1468 2138 R
1538 2107 1555 2137 5
1571 2100 1669 2144 τοὺς]
1684 2099 1793 2138 τουσ-
1811 2121 1817 2128 ·
1834 2102 1864 2137 L

253 2162 446 2206 πολέμουσ
469 2161 501 2195 V
640 2159 892 2197 ἐδεδοίκεισαν
916 2160 946 2193 L
1061 2159 1267 2206 μετέωρος]
1293 2159 1347 2193 ed.
1372 2170 1426 2203 pr.
1452 2169 1532 2194 cum
1556 2158 1626 2192 Lat
1649 2156 1846 2204 μετέωροσ
1871 2152 1910 2193 δ’

253 2219 304 2259 (δὲ
320 2217 429 2258 VRC)
447 2217 549 2252 codd.
621 2219 640 2251 6
657 2213 890 2263 ὕπεραρθεὶσ
916 2226 959 2250 ex
981 2214 1164 2262 ὑπερθεὶσ
1188 2226 1280 2250 corr.
1306 2226 1351 2250 m.
1370 2217 1389 2248 2
1414 2214 1443 2248 L
1520 2212 1724 2261 ἐβάπτισεν
1747 2214 1842 2250 VRC

253 2275 292 2310 δὲ
315 2273 410 2309 VRC
525 2271 657 2314 τόπος]
682 2285 757 2308 που
780 2269 906 2309 τόποσ
930 2272 1099 2307 VRCLat
1122 2276 1158 2306 et
1181 2271 1262 2307 fort.
1289 2271 1365 2314 Heg
1490 2275 1506 2305 ἰ
1533 2272 1608 2320 βίᾳ]
1642 2272 1708 2316 βία
1723 2289 1734 2297 ·
1760 2273 1865 2312 (eras.
1892 2283 1912 2304 ν

253 2334 317 2365 aut
341 2335 375 2367 σ)
400 2331 432 2364 Α
455 2330 548 2375 βίασ
571 2329 601 2362 L
626 2325 699 2364 ὑπὸ
724 2329 818 2375 βίασ
835 2328 862 2362 Ρ
933 2323 1083 2372 α’νέμων
1107 2327 1206 2362 PLat
1296 2325 1557 2373 έξωθουμένησ
1575 2326 1666 2360 PAL
1684 2340 1731 2373 γρ
1749 2325 1912 2369 ἐξωθου-

253 2386 379 2430 μένων
401 2385 424 2420 i.
450 2395 559 2429 marg.
584 2386 648 2420 PA
755 2388 774 2420 S
799 2382 959 2426 πόλεως]
985 2382 1138 2420 πόλεωσ
1162 2382 1384 2429 φερομένων
1408 2385 1485 2418 τῶν
1507 2385 1632 2429 βελῶν
1654 2381 1837 2419 ἐκκλίνειν
1860 2381 1910 2424 V;

254 2445 338 2486 post
362 2439 511 2483 πόλεως
534 2452 625 2476 eras.
650 2441 717 2477 litt.
743 2441 817 2476 fere
843 2444 895 2483 25,
920 2450 1070 2485 quarum
1093 2440 1208 2484 prima
1231 2438 1301 2473 fuit
1324 2453 1351 2482 φ
1377 2438 1405 2472 L
1492 2437 1801 2485 συρρυγνυμένων
1819 2438 1844 2472 Ο

255 2501 274 2532 9
300 2496 458 2544 ἐγίνετο,
485 2498 498 2532 ί
521 2497 544 2532 i.
569 2507 639 2532 ras.
665 2507 710 2532 m.
737 2499 756 2531 2
781 2497 811 2531 L
903 2494 1046 2533 πολλὺσ
1069 2496 1149 2530 AL²
1241 2494 1278 2530 δὲ
1302 2493 1397 2529 VRC
1490 2490 1719 2540 ἀγνυμένων]
1746 2490 1914 2540 α’νοιγνυ-

254 2554 379 2597 μένων
402 2553 469 2588 VR
559 2556 627 2589 τοῦ
651 2547 828 2598 πλήθους]
853 2553 1091 2599 ioppenorum
1108 2551 1178 2585 Lat
1294 2553 1329 2584 11
1357 2552 1492 2586 πολλοὶ
1517 2550 1554 2586 δὲ
1573 2571 1613 2574 -
1635 2553 1673 2584 16
1699 2550 1914 2595 διέφθειρον

256 2620 323 2644 om.
350 2609 376 2643 C
468 2607 769 2653 συμπλεκόμενοι
787 2611 819 2642 Α
910 2605 946 2645 δ’
971 2609 1001 2643 L
1121 2610 1158 2641 12
1183 2603 1383 2643 θάλασσαν
1407 2605 1513 2641 MVR
1605 2603 1779 2650 ἔφθασαν
1802 2606 1835 2640 V

257 2667 296 2698 13
322 2669 414 2706 ταῖς]
448 2671 533 2701 τοῖσ
557 2665 660 2699 AML
755 2669 796 2699 14
821 2660 1052 2711 ἅπορριῦιξιν
1075 2664 1123 2699 V²
1250 2661 1490 2707 αἱμαχθῆναι,
1513 2675 1536 2706 χ
1562 2661 1585 2695 i.
1610 2671 1681 2696 ras.
1706 2671 1752 2696 m.
1779 2663 1798 2694 2
1823 2671 1866 2695 ex
1891 2673 1914 2696 σ

257 2731 346 2754 corr.
373 2721 444 2755 uid.
469 2720 499 2754 L
572 2724 611 2754 15
637 2722 829 2767 παραλίαν
845 2721 960 2757 L¹VR
1033 2723 1071 2754 16
1096 2719 1320 2764 διέφθειρον,
1348 2730 1368 2753 ο
1395 2726 1438 2751 ex
1463 2730 1486 2752 α
1513 2727 1602 2752 corr.
1623 2717 1655 2749 A
1748 2715 1913 2762 ἀριθμὸς

257 2775 306 2816 δὲ]
332 2771 501 2819 άριθμὸσ
525 2775 558 2810 R
581 2770 627 2821 ἦν
651 2772 821 2821 οἷριθμὸσ
846 2777 872 2810 C
979 2780 1016 2811 17
1042 2775 1318 2822 τετρακισχίλια
1343 2773 1376 2808 R
1474 2774 1692 2815 διακοσίοις]
1718 2773 1915 2818 qzcz'nqenta

256 2830 334 2874 Heg
440 2825 484 2875 ἦν
508 2841 575 2866 om.
603 2832 628 2866 G
739 2835 777 2866 19
802 2830 872 2876 μὲν
898 2827 975 2873 οὖν]
1000 2832 1069 2877 μὲν
1094 2825 1160 2868 οὖν
1185 2824 1308 2866 οὕτωσ
1324 2829 1363 2863 Μ
1382 2828 1451 2873 μὲν
1467 2828 1497 2862 L
1522 2822 1646 2865 οὕτωσ
1661 2829 1756 2864 VRC
1774 2828 1916 2874 quidem

257 2886 323 2920 Ιιοο
347 2886 453 2921 modo
473 2886 540 2920 Lat
648 2886 838 2933 ρωμαίοισ
862 2899 905 2923 ex
930 2888 1105 2934 ρωμαῖοσ
1131 2896 1223 2922 corr.
1249 2886 1282 2919 A
1374 2887 1415 2920 20
1442 2879 1475 2920 δ’
1502 2884 1531 2919 L

1943 868 1979 900 10

1942 1203 1977 1236 15

1943 1540 1980 1572 20
