2018 3236
247 139 326 175 248
648 134 713 168 DE
739 134 897 168 BELLO
923 133 1019 169 1UD.
1044 133 1078 166 11
1105 135 1280 168 513—520
1306 135 1378 175 (x1x
1409 138 1434 166 ι.
1461 135 1492 175 2)

137 255 217 293 514
249 251 501 304 βαλοῦντας.
570 246 612 288 οἱ
635 245 681 287 δὲ
711 247 817 299 πρὶν
855 244 916 295 εἷς
943 253 1092 300 χεῖρας
1124 243 1271 287 ἐλθεῖν
1304 244 1391 287 δέει
1420 243 1520 294 τοὺς
1544 240 1778 296 Ἰουδαίους
1809 248 1896 290 διε-

138 388 216 426 515

137 520 215 559 516

135 853 215 891 517

136 1120 215 1160 518

251 316 475 365 σκέδασαν,
499 312 764 362 ἐπελθόντες
782 311 828 354 δὲ
846 311 1005 369 ἔρημον
1022 310 1070 353 τὸ
1091 311 1390 367 στρατόπεδον
1407 313 1481 354 καὶ,
1500 310 1579 361 τὰς
1600 312 1732 367 πέριξ
1748 313 1896 367 κώμας

251 383 505 437 ἐνέπρησαν.
557 376 646 423 ἀπὸ
673 380 718 422 δὲ
739 382 815 434 τῆς
831 374 1169 434 Ἀντιπατρίδος
1189 382 1376 428 Κέστιος
1397 378 1459 427 εἰς
1479 377 1639 420 Λύδδα
1659 379 1896 434 προελθών

248 448 368 503 κενὴν
400 444 568 501 ἀνδρῶν
598 446 676 505 τὴν
707 447 839 490 πόλιν
869 446 1218 501 καταλαμβάνει·
1251 445 1324 488 διὰ
1355 445 1435 501 γὰρ
1465 444 1542 503 τὴν
1572 448 1648 503 τῆς
1679 462 1896 504 σκηνοπη-

247 519 344 570 γίας
384 514 534 572 ἑορτὴν
574 511 830 572 ἀναβεβήκει
870 516 959 555 πᾶν
997 512 1045 556 τὸ
1089 513 1266 569 πλῆθος
1305 512 1367 563 εἷς
1392 510 1681 567 Ἱεροσόλυμα.
1740 515 1899 573 πεντή-

245 599 374 624 κοντα
417 583 463 624 δὲ
501 585 586 625 τῶν
617 584 968 639 παραφανέντων
1001 581 1271 636 διαφθείρας
1300 581 1372 621 καὶ
1402 579 1450 622 τὸ
1485 577 1592 622 ἄστυ
1623 581 1898 633 κατακαύσας

247 649 396 705 ἐχώρει
437 650 614 705 πρόσω,
655 652 728 693 καὶ
768 647 840 692 διὰ
874 647 1125 702 Βαιθώρων
1166 643 1333 701 ἀναβὰς
1365 647 1760 702 στρατοπεδεύεται
1788 650 1897 692 κατά

246 735 343 759 τινα
370 719 512 772 χῶρον
535 716 695 771 Γαβαῶ
726 716 1003 770 καλούμενον,
1037 711 1257 767 ἀπέχοντα
1288 716 1374 756 τῶν
1400 711 1709 770 Ἱεροσολύμων
1738 717 1898 774 πεντή-

246 801 376 827 κοντα
408 784 625 834 σταδίους.

360 856 398 894 2.
437 852 491 895 Οἵ
524 852 569 893 δὲ
595 847 799 894 Ἰουδαῖοι
829 850 1079 899 κατιδόντες
1110 846 1189 906 ἤδη
1222 848 1521 905 πλησιάζοντα
1551 851 1604 903 τῇ
1631 847 1902 906 μητροπόλει

247 918 322 962 τὸν
344 918 553 973 πόλεμον,
587 914 799 975 ἀφέμενοι
823 917 901 975 τὴν
933 916 1084 972 ἑορτὴν
1116 915 1302 971 ἐχώρουν
1334 915 1408 958 ἐπὶ
1439 915 1493 958 τὰ
1526 912 1656 969 ὅπλα,
1688 919 1760 960 καὶ
1790 921 1900 973 μέγα

247 989 308 1042 τῷ
349 986 516 1043 πλήθει
555 988 825 1040 θαρροῦντες
866 981 1045 1026 ἄτακτοι
1083 982 1193 1037 μετὰ
1233 986 1419 1041 κραυγῆς
1459 983 1681 1041 ἐξεπήδων
1718 984 1793 1027 ἐπὶ
1823 984 1900 1042 τὴν

247 1053 387 1110 μάχην
421 1053 530 1110 μηδὲ
560 1055 636 1110 τῆς
666 1049 799 1110 ἀργῆς
829 1051 1073 1106 ἑβδομάδος
1105 1051 1277 1093 ἔννοιαν
1308 1051 1535 1106 λαβόντες·
1575 1042 1625 1109 ἦν
1655 1050 1736 1107 γὰρ
1769 1051 1818 1110 δὴ
1849 1051 1898 1095 τὸ

246 1120 441 1175 μάλιστα
460 1116 569 1176 παρ’
593 1116 741 1169 αὐτοῖς
761 1118 1111 1175 θρησκευόμενον
1135 1115 1369 1172 σάββατον.
1412 1116 1433 1161 ὁ
1458 1115 1499 1160 δ)
1525 1118 1722 1169 ἐκσείσας
1744 1114 1902 1169 αὖτοὺς

247 1189 324 1244 τῆς
365 1183 586 1242 εὐσεβείας
624 1187 770 1241 θυμὸς
801 1186 1009 1242 ἐποίησεν
1041 1187 1357 1243 πλεονεκτῆσαι
1387 1189 1457 1229 καὶ
1490 1186 1599 1228 κατὰ
1630 1185 1707 1243 τὴν
1737 1185 1899 1242 μάχην·

247 1255 357 1308 μετὰ
379 1254 593 1310 τοσαύτης
613 1259 714 1309 γοῦν
737 1251 872 1309 ὁρμῆς
893 1263 986 1303 τοῖς
1003 1251 1231 1307 Ῥωμαίοις
1254 1256 1547 1309 προσέπεσον,
1581 1250 1640 1303 ὥς
1671 1253 1901 1310 διαρρῆξαι

138 1323 218 1365 519
248 1322 327 1373 τὰς
366 1322 511 1372 τάξεις
552 1318 693 1364 αὐτῶν
732 1323 804 1364 καὶ
847 1320 920 1363 διὰ
961 1324 1106 1375 μέσων
1142 1329 1300 1374 χωρεῖν
1341 1318 1640 1374 ἀναιροῦντας.
1692 1320 1730 1362 εἰ
1766 1319 1899 1378 δὲμὴ

138 1657 218 1698 520

246 1392 308 1446 τῷ
343 1391 616 1443 χαλασθέντι
654 1391 729 1446 τῆς
770 1389 994 1445 φάλαγγος
1036 1389 1080 1431 οἵ
1115 1405 1161 1430 τε
1202 1389 1355 1437 ἱππεῖς
1395 1387 1754 1444 ἐκπεριελθόντες
1793 1387 1901 1446 ἐπή-

246 1474 384 1510 μυναν
414 1458 485 1498 καὶ
516 1460 593 1498 τοῦ
624 1455 758 1507 πεζοῦ
787 1456 835 1498 τὸ
869 1455 926 1513 μὴ
961 1455 1134 1512 σφόδρα
1164 1454 1350 1508 κάμνον,
1389 1449 1467 1497 κᾶν
1499 1454 1790 1497 ἐκινδύνευσεν
1821 1450 1899 1511 ὅλῃ

247 1526 299 1580 τῇ
323 1523 503 1578 δυνάμει
526 1526 723 1572 Κέστιος.
775 1518 1006 1565 ἀπέθανον
1030 1523 1075 1565 δὲ
1093 1520 1313 1577 Ῥωμαίων
1336 1522 1620 1564 πεντακόσιοι
1648 1522 1901 1564 δεκαπέντε·

248 1590 414 1633 τούτων
452 1581 563 1646 ἦσαν
600 1591 642 1633 οἱ
671 1590 948 1644 τετρακόσιοι
980 1589 1128 1641 πεζοί,
1167 1589 1215 1631 τὸ
1251 1589 1296 1631 δὲ
1329 1589 1486 1632 λοιπὸν
1520 1590 1696 1639 ἱππεῖς·
1736 1591 1823 1631 τῶν
1855 1589 1901 1632 δὲ

245 1654 465 1700 Ἰουδαίων
505 1658 580 1701 δύο
619 1657 732 1712 πρὸς
762 1667 855 1707 τοῖς
886 1658 1038 1700 εἴκοσι.
1088 1656 1389 1712 γενναιότατοι
1422 1652 1463 1697 δ’
1501 1652 1643 1699 αὐτῶν
1675 1656 1828 1706 ἔδοξαν
1860 1656 1902 1699 οἵ

249 1725 515 1779 ἢ,Ήοναβάζου
547 1728 623 1768 τοῦ
653 1727 729 1782 τῆς
753 1721 1016 1780 Ἀδιαβηνῆς
1045 1725 1264 1779 βασιλέως
1296 1732 1529 1778 συγγενεῖς,
1561 1723 1825 1778 ΖΡΙονόβαζός
1854 1740 1902 1766 τε

248 1794 319 1835 καὶ
350 1793 606 1845 Κενεδαῖος,
646 1788 752 1846 μεθ)
790 1791 864 1841 οὓς
894 1789 915 1834 ὁ
949 1793 1171 1848 Περαΐτης
1202 1795 1337 1846 Νίγερ
1368 1792 1439 1833 καὶ
1471 1791 1605 1840 Σίλας
1636 1788 1657 1833 ὁ
1690 1790 1901 1845 Βαβυλώ-

361 1971 887 2015 PAMLVRCLatHegesippus
911 1971 946 2005 ΙΙ
972 1973 1013 2005 14
1037 1981 1069 2015 p.
1098 1973 1173 2005 160.

364 2042 377 2072 1
406 2038 657 2079 διεσκέδασαν,
682 2037 699 2073 ε’·
724 2048 766 2072 ex
791 2035 813 2074 ά
840 2049 929 2073 corr.
956 2040 986 2072 A
1080 2040 1098 2072 2
1125 2038 1175 2078 δὲ]
1201 2050 1240 2073 τε
1260 2037 1290 2071 L
1382 2037 1400 2068 3
1427 2033 1558 2071 λύδδαν
1583 2035 1609 2069 C
1634 2039 1668 2070 et
1692 2045 1734 2069 ex
1760 2046 1850 2070 corr.
1868 2037 1900 2070 A

250 2091 337 2130 λὺδα
355 2094 387 2129 V
456 2094 684 2140 προσελθών
700 2094 795 2130 VRO
868 2097 886 2127 6
904 2093 1183 2140 παραφανέντω
1200 2094 1240 2128 Μ
1264 2091 1538 2139 προφανέντων
1555 2090 1581 2124 C
1651 2095 1669 2126 7
1694 2094 1902 2139 βαιθωρῶν

250 2150 384 2185 MVRC
417 2154 452 2185 et
485 2161 527 2185 ex
558 2161 647 2185 corr.
673 2151 705 2183 A
733 2147 923 2197 βεθώρων
947 2150 976 2184 L
1002 2149 1175 2186 bethoron
1199 2151 1304 2190 (acc.)
1327 2148 1396 2182 Lat
1533 2149 1550 2181 8
1576 2150 1711 2193 γαβαῶ
1734 2147 1766 2181 V

253 2208 338 2248 τῶν,
363 2208 417 2241 ῶν
440 2207 463 2241 i.
488 2217 558 2241 ras.
583 2217 628 2241 m.
654 2209 672 2240 2
691 2206 721 2241 V
791 2203 1037 2251 πεντήκοντα]
1061 2206 1131 2241 ‘vA
1202 2207 1238 2238 11
1267 2206 1335 2248 τῆσ
1360 2201 1498 2248 ἓορτῆσ
1514 2203 1648 2238 MVRC
1727 2206 1768 2238 12
1791 2201 1900 2248 μετὰ]

251 2264 313 2297 καὶ
336 2275 430 2306 μετα
455 2262 664 2297 MVRCLat
687 2262 770 2297 fort.
797 2264 892 2297 recte
966 2265 1005 2296 14
1030 2261 1067 2297 δὲ
1091 2261 1185 2296 VRO
1254 2258 1442 2301 ἐκσείσασ,
1467 2271 1598 2294 σεισασ
1620 2269 1664 2293 ex
1686 2269 1778 2294 corr.
1796 2259 1835 2292 M

255 2321 294 2352 15
318 2319 382 2352 καὶ
406 2328 473 2352 om.
499 2318 531 2353 V
626 2321 663 2351 17
690 2314 933 2359 τὰσ-τάξεισ,
959 2327 1048 2352 eras.
1075 2328 1097 2352 σ
1120 2316 1150 2350 L
1219 2315 1337 2360 μέσον
1359 2313 1469 2348 AL¹C
1540 2316 1572 2350 εἰ
1595 2335 1639 2339 -
1665 2317 1705 2348 20
1735 2315 1901 2358 Κέστιος]

252 2374 322 2407 nisi
337 2374 369 2407 ei
388 2373 539 2407 militum
561 2373 672 2419 parti,
698 2383 791 2417 quae
806 2373 955 2408 necdum
981 2372 1096 2406 locum
1120 2372 1300 2411 amiserat,
1325 2371 1460 2414 equites
1477 2371 1627 2405 exerciti
1643 2371 1768 2413 (exciti
1783 2370 1902 2414 Niese)

252 2428 499 2463 subuenissent
524 2430 656 2474 quique
679 2440 751 2463 nou
774 2429 864 2463 satis
887 2427 1097 2472 defecerunt
1115 2426 1267 2473 pedites,
1291 2426 1328 2460 in
1346 2426 1512 2471 periculo
1537 2430 1633 2462 totus
1650 2428 1750 2462 cestii
1769 2427 1902 2471 fuisset

252 2485 433 2519 exercitus
450 2485 520 2519 Lat
536 2490 577 2519 ut
594 2496 729 2519 omnem
746 2484 944 2520 accercitum
962 2486 1176 2523 auerterent,
1201 2482 1269 2516 nise·
1294 2482 1430 2526 equites
1454 2482 1700 2516 subuenissent
1721 2482 1902 2528 peditibus

252 2540 498 2575 laborantibus
522 2540 598 2584 Heg
702 2540 735 2576 εἰ
758 2540 795 2576 δὲ
819 2537 867 2584 μὴ
893 2542 958 2587 τῷ]
984 2539 1022 2572 Μ
1049 2538 1083 2575 εἰ
1105 2538 1143 2575 δὲ
1168 2535 1207 2583 δὴ
1233 2540 1287 2573 τῶ
1311 2535 1359 2582 μὴ
1386 2537 1497 2571 PA¹R
1521 2537 1555 2573 εἰ
1579 2539 1617 2574 δὲ
1641 2535 1681 2584 δὴ
1705 2535 1754 2585 μὴ
1778 2541 1833 2575 τῶ
1857 2549 1900 2575 ex

253 2605 343 2629 corr.
370 2597 402 2628 A
435 2595 469 2631 εἰ
496 2596 544 2642 μὴ
576 2598 631 2631 τῶ
660 2593 709 2641 μὴ
734 2596 764 2629 L
796 2595 830 2631 εἰ
859 2595 897 2631 δὲ
914 2613 922 2619 ·
943 2597 1031 2630 ’τῶι
1060 2592 1108 2638 μὴ
1133 2596 1236 2635 (eras.
1261 2590 1323 2638 μὴ)
1348 2593 1378 2627 V
1403 2593 1438 2629 εἰ
1459 2593 1497 2629 δὲ
1520 2590 1569 2638 μὴ
1594 2597 1647 2629 τῶ
1669 2593 1719 2640 μὴ
1745 2597 1840 2639 (post
1862 2595 1900 2631 δὲ

252 2651 404 2685 deletum
429 2651 498 2685 uid.
528 2654 563 2693 α)
582 2650 608 2685 C
705 2654 743 2686 18
768 2649 965 2697 φάλλαγοσ
982 2651 1013 2685 V
1110 2653 1147 2683 19
1173 2646 1265 2685 τοὺσ
1289 2646 1428 2693 πεζοὺσ
1445 2649 1510 2684 VR
1533 2652 1610 2685 τῶν
1634 2652 1759 2694 πεζῶν
1783 2650 1809 2684 C

252 2703 410 2748 κάμνον]
427 2703 551 2750 καμὸν
569 2710 601 2747 (ο
622 2716 663 2741 ex
682 2721 711 2742 ω
730 2717 820 2741 corr.
837 2707 910 2749 VC)
927 2705 1021 2740 VRC
1107 2708 1147 2738 20
1159 2702 1353 2748 Ῥωμαίων
1370 2715 1434 2739 om.
1454 2705 1479 2739 C
1566 2708 1607 2739 22
1624 2703 1900 2751 γενναιότατοι,

253 2777 263 2796 ι
295 2762 400 2796 finale
433 2763 548 2806 suppl.
575 2764 606 2795 A
698 2762 736 2797 δὲ
760 2761 854 2796 VRC
947 2764 988 2795 23
1018 2761 1203 2807 βασιλέως
1228 2761 1371 2795 iterauit
1393 2760 1560 2795 iteratum
1584 2761 1756 2805 expunxit
1778 2762 1810 2795 A

201 2856 204 2859 .
254 2830 293 2853 τε
326 2828 392 2852 om.
419 2818 444 2850 C
583 2821 625 2852 24
656 2817 830 2853 κενεδέοσ
854 2817 916 2851 ΡΑ
944 2816 1120 2852 κενέδεσσ
1144 2816 1173 2849 L
1197 2819 1373 2851 κενὸαῖοσ
1396 2816 1422 2850 C
1447 2817 1620 2852 cenecleus
1642 2817 1714 2852 Lat
1736 2817 1902 2852 caenezez·

257 2873 335 2908 cod.
365 2872 463 2908 Cass.
489 2873 586 2907 cedei
613 2873 688 2909 cod.
715 2873 834 2915 AHeg
928 2868 947 2907 ὃ
974 2869 1213 2919 βαβυλώνιοσ
1239 2873 1350 2908 σίλασ
1374 2876 1418 2906 tr.
1442 2872 1475 2905 A

1927 524 1946 556 5

1933 859 1967 892 10

1933 1195 1968 1228 15

1931 1531 1969 1564 20
