2039 3251
62 866 98 899 10

59 1203 95 1236 15

58 1541 95 1573 20

569 138 635 173 DE
661 137 820 173 BELLO
844 137 939 173 IUD.
966 138 1014 173 VI
1042 140 1218 174 288-295
1243 140 1277 180 (V
1305 143 1334 180 3)
1709 142 1782 177 551

244 253 280 292 3.
319 248 405 291 Τὸν
435 253 538 305 γοῦν
570 247 733 293 ἄθλιον
765 252 903 307 δῆμον
935 251 977 293 οἱ
1007 252 1086 305 μὲν
1118 248 1374 302 ἀπατεῶνες
1404 254 1475 295 καὶ
1507 254 1787 308 καταψευδό-

130 334 255 371 μενοι
285 319 363 359 τοῦ
394 319 505 360 θεοῦ
535 321 772 374 τηνικαῦτα
803 321 1100 373 παρέπειθον,
1138 329 1232 370 τοῖς
1264 316 1306 361 δ’
1341 319 1539 376 ἐναργέσι
1570 323 1642 364 καὶ
1674 338 1787 376 προ-

132 388 396 441 σημαίνοι-σι
426 384 503 442 τὴν
534 387 780 439 μέλλουσαν
823 385 1005 442 ἐρημίαν
1036 389 1215 443 τέρασιν
1262 384 1361 430 οἵτε
1406 398 1642 442 προσεῖχον
1689 386 1783 431 οὔτ’

130 452 374 504 ἐπίστευον,
409 448 506 494 ἀλλ’
543 450 602 503 (ὃς
633 452 1027 510 ἐλιιρέβροντημένοι
1056 455 1129 496 καὶ
1159 454 1269 510 μήτε
1299 452 1477 509 ὄμματα
1507 453 1615 513 μήτε
1646 456 1789 515 ψυχὴν

128 520 297 573 ἔχοντες
327 522 414 562 τῶν
444 522 522 562 τοῦ
553 523 663 562 θεοῦ
693 521 977 577 κηρυγμάτων
999 521 1298 578 παρήκουσαν,
1328 524 1558 576 τοῦτομὲν
1581 520 1654 567 ὅτε
1675 522 1786 579 ὑπὲρ

128 587 205 644 την
237 587 370 630 πόλιν
402 584 562 642 ι’ἱστρον
594 587 695 645 ἔστη
727 589 930 644 ῥομφαία
961 585 1278 644 παραπλήσιον
1309 592 1379 633 καὶ
1404 596 1676 644 παρατείνας
1707 588 1781 635 ἐπ’

129 655 328 698 ἐνιαυτὸν
358 654 567 711 κολιιήτης,
606 657 736 697 τοῦτο
776 651 817 697 δ’
860 654 987 712 ἡνίκα
1025 655 1112 711 πρὸ
1156 659 1231 712 τῆς
1262 653 1555 709 ἀποστάσεως
1595 661 1665 702 καὶ
1707 677 1784 703 του

128 723 242 775 πρὸς
272 722 348 765 τὸν
380 722 575 776 πόλεμον
605 722 842 780 κινήματος
875 719 1196 778 ἀθροιζομένου·
1229 727 1307 767 τοῦ
1338 726 1446 768 λαοῦ
1468 726 1581 780 πρὸς
1602 726 1680 784 τὴν
1701 730 1788 770 τῶν

130 786 303 844 ἀζύμων
335 789 500 845 ἑορτήν,
533 785 665 846 ὀγδόη
700 786 740 831 δ’
776 780 827 847 ἦν
857 791 1087 836 Ξανθικοῦ
1116 791 1273 848 μηνός,
1306 792 1416 834 κατὰ
1450 793 1601 844 νυκτὸς
1633 794 1788 852 ἐνάτην

127 852 245 912 ὥραν
277 859 461 899 τοσοῦτο
494 859 590 912 φῶς
622 858 902 913 περιέλαμψε
932 857 1009 901 τὸν
1038 858 1190 913 βωμὸν
1221 876 1294 902 και
1315 859 1391 903 τὸν
1414 861 1531 914 ναόν,
1563 860 1622 912 (ὃς
1646 863 1788 906 δοκεῖν

126 922 292 980 ημέραν
324 921 438 967 εἶναι
470 924 691 979 λαμπράν,
723 926 794 967 καὶ
825 928 956 968 τοῦτο
989 929 1247 981 παρέτεινεν
1278 944 1334 985 εφ
1400 926 1608 985 ἡμίσειαν
1647 929 1786 986 ὥραν·

128 991 151 1035 ὃ
183 1001 277 1041 τοῖς
306 1008 385 1045 μεν
417 987 624 1048 ἀπείροις
656 989 831 1048 ἀγαθὸν
863 993 1017 1046 ἐδόκει,
1048 1003 1142 1044 τοῖς
1174 994 1259 1037 δὲ(
1245 999 1650 1079 ιερογραμματεῦσι
1673 997 1787 1053 πρὸς

125 1061 212 1102 τῶν
253 1055 596 1115 ἀποβεβηκότων
636 1056 805 1110 εἰθέως
843 1060 1013 1119 εκρίθη.
1072 1064 1145 1105 καὶ
1187 1062 1297 1105 κατὰ
1338 1063 1416 1119 τὴν
1458 1060 1592 1121 αυτὴν
1632 1082 1785 1124 εορτην

124 1129 229 1181 βοῦς
259 1127 339 1181 μὲν
370 1123 561 1180 ἀχθεῖσα
594 1124 678 1170 ὑπό
719 1145 796 1170 του
838 1128 952 1184 πρὸς
990 1128 1068 1185 τὴν
1106 1133 1274 1173 θισίαν
1314 1130 1455 1175 ε’τεκεν
1497 1129 1606 1189 άρνα
1646 1133 1690 1176 ἐν
1724 1136 1788 1189 τιῦ

128 1195 231 1250 ἱεριῦ
262 1198 404 1251 με’σω,
447 1192 470 1251 ἡ
506 1191 549 1236 δ’
586 1191 820 1252 άνατολικη
862 1196 978 1254 πύλη
1019 1199 1097 1240 τοῦ
1137 1197 1350 1252 ενδοτέρω
1390 1201 1497 1242 ναοῦ
1530 1202 1669 1258 χαλκῆ
1708 1201 1787 1256 μὲν

126 1252 237 1304 οῦσα
267 1263 337 1304 καὶ
372 1262 700 1320 στιβαρωτάτη,
741 1265 968 1321 κλειομένη
1011 1264 1057 1307 δὲ
1098 1267 1200 1321 περὶ
1244 1265 1391 1323 δείλην
1429 1267 1558 1321 μόλις
1595 1265 1674 1311 ὑπ’
1712 1264 1787 1311 άν-

125 1329 327 1387 θριόπων
359 1329 512 1381 εἴκοσι,
544 1331 617 1373 καὶ
648 1332 827 1384 μοχλοῖς
857 1331 936 1385 μὲν
969 1331 1280 1389 ἐπερειδομένη
1306 1333 1620 1390 σιδηροδέτοις,
1652 1336 1787 1378 κατά-

126 1413 270 1453 πηγας
303 1397 350 1440 δὲ
383 1397 540 1450 ἔχουσα
570 1397 856 1452 βαθυτάτους
896 1398 959 1449 εἷς
989 1398 1067 1441 τὸν
1099 1395 1229 1442 οὐδὸν
1261 1397 1369 1443 ὄντα
1400 1402 1622 1458 διηνεκοῦς
1654 1405 1787 1447 λίθου

126 1467 432 1518 καθιεμένους,
465 1461 601 1521 ὤφθη
632 1465 744 1507 κατὰ
776 1465 928 1516 νυκτὸς
959 1461 1078 1522 ὥραν
1101 1466 1224 1524 ἕκτην
1258 1464 1516 1523 αὐτομάτως
1540 1467 1787 1528 ἠνοιγμένη.

126 1530 364 1588 δραμόντες
395 1532 442 1574 δὲ
473 1532 516 1574 οἱ
546 1534 625 1575 τοῦ
658 1533 775 1588 ἱεροῦ
808 1533 998 1590 φύλακες
1028 1531 1232 1592 ἤγγειλαν
1263 1538 1326 1592 τῴ
1358 1541 1606 1595 στρατηγῷ,
1642 1534 1785 1582 κάκεῖ-

125 1616 198 1650 νος
229 1595 398 1654 ἀναβὰς
435 1599 565 1653 μόλις
603 1596 737 1656 αὐτὴν
776 1601 951 1654 ἴσχυσεν
989 1602 1174 1645 κλεῖσαι.
1231 1604 1369 1647 πάλιν
1406 1607 1536 1648 τοῦτο
1575 1614 1669 1656 τοῖς
1707 1606 1786 1660 μὲν

236 1768 469 1804 PAMLVRC
480 1769 779 1814 LatHegesippus
812 1770 842 1804 V
867 1774 911 1805 44
942 1781 978 1814 p.
1004 1773 1081 1807 362.
1123 1772 1284 1807 Zonaras
1308 1773 1325 1807 I
1350 1784 1384 1817 p.
1410 1776 1487 1808 543.
1538 1775 1670 1810 Euseb.
1705 1775 1787 1811 hist.

123 1824 208 1859 eccl.
232 1824 286 1858 III
311 1827 342 1859 8.

240 1884 253 1914 1
280 1880 389 1925 incip.
413 1881 534 1917 Euseb
619 1876 862 1919 άπαταιῶνεσ
888 1882 950 1916 PA
1021 1886 1039 1918 2
1065 1887 1148 1918 ante
1173 1886 1242 1920 τοῦ
1265 1895 1334 1919 ras.
1362 1888 1380 1919 8
1398 1886 1466 1920 litt.
1484 1886 1517 1921 V
1586 1887 1624 1923 δὲ
1649 1887 1742 1923 VRC

122 1937 451 1982 προσσημαίνουσι
470 1938 497 1972 C
569 1941 587 1972 3
603 1938 828 1982 μέλλουσαν]
845 1938 1058 1983 μέλλουσαν
1081 1936 1237 1976 ἔσεσθαι
1262 1941 1409 1976 Eusebii
1434 1942 1536 1977 codd.
1561 1943 1722 1988 plerique

123 1989 220 2034 οὔτ’]
246 1990 334 2028 οὔτε
358 1993 617 2029 MVRchseb
701 1997 722 2028 4
745 1993 1037 2041 ἐμβροντιμένοι
1061 1996 1110 2030 Αι
1134 1994 1477 2043 ε’νβεβροντημένοι
1502 1999 1534 2033 V
1608 2002 1671 2035 καὶ
1695 1997 1788 2046 μήτε

122 2058 226 2084 euan.
253 2049 281 2083 P
351 2045 441 2094 μήτ’
466 2050 492 2083 C
562 2050 630 2084 litt.
656 2064 696 2086 τε
723 2048 844 2096 ψυχὴν
868 2048 958 2096 ἔχον
983 2061 1086 2086 euan.
1112 2052 1140 2085 P
1245 2057 1264 2087 5
1288 2052 1538 2100 κηρυγμάτων
1562 2065 1666 2090 enan.
1692 2056 1720 2090 P

124 2099 358 2151 παρήκουον”
370 2105 491 2140 Euseb
585 2100 663 2148 ὅτε]
690 2100 756 2142 οὖν
779 2106 810 2141 L
904 2111 924 2140 6
949 2109 1194 2154 παρατείνας]
1219 2107 1324 2155 παρά
1349 2123 1458 2146 τινασ
1481 2111 1514 2145 V
1606 2110 1666 2148 ἐπὶ
1690 2112 1721 2147 L

125 2164 142 2194 7
168 2162 330 2207 κομίτησ
354 2160 417 2195 PR
532 2161 570 2198 δὲ
594 2162 760 2198 PMVRC
876 2159 1133 2200 ἄποστάσεωσ
1165 2161 1220 2200 ὠσ
1243 2167 1307 2200 καὶ
1331 2165 1369 2200 Μ
1483 2170 1503 2200 9
1531 2163 1646 2214 ὀγδόη
1670 2164 1708 2204 δ’
1731 2163 1788 2214 ἦν]

127 2212 243 2262 ὀγδόη
271 2217 394 2252 Euseb
511 2212 638 2264 ὀγδόη]
664 2215 684 2264 ἡ
708 2219 738 2253 L
855 2220 893 2256 δὲ
916 2219 1016 2255 LVR
1129 2221 1300 2255 Xanthioi
1327 2224 1356 2256 8.
1388 2222 1462 2257 dies
1494 2225 1549 2258 est
1573 2226 1627 2258 25.
1653 2225 1789 2268 Aprilis

122 2273 205 2316 (VII
229 2274 264 2307 k.
290 2273 391 2315 Mai.)
415 2273 499 2307 anni
522 2273 672 2317 Iuliani,
705 2275 735 2310 si
762 2275 904 2310 solitam
929 2276 1074 2321 Iosephi
1097 2277 1271 2311 rationem
1295 2278 1496 2323 sequimur3
1528 2280 1589 2315 sed
1613 2280 1671 2316 hic
1696 2282 1788 2316 anti-

124 2331 248 2374 quiore
270 2330 484 2364 Iudaeorum
510 2333 678 2375 computo
706 2341 793 2366 usus
819 2341 896 2366 esse
920 2332 992 2368 uid.
1068 2326 1174 2379 ὥραν
1196 2331 1333 2380 ἐνάτην
1356 2338 1401 2370 tr.
1427 2336 1456 2369 L
1537 2339 1577 2371 10
1602 2340 1790 2374 τοσοῦτον

123 2385 253 2421 LVRC
277 2390 312 2420 et
335 2385 483 2421 Eusebii
509 2386 609 2421 codd.
637 2386 778 2431 quidam
891 2384 962 2423 τὸν
985 2384 1082 2424 ναὸν
1104 2391 1168 2425 καὶ
1193 2385 1263 2426 τὸν
1285 2387 1422 2436 βωμὸν
1446 2395 1488 2426 tr.
1515 2392 1546 2427 L
1665 2397 1700 2428 11
1728 2392 1790 2430 ἐπὶ

124 2441 234 2476 LZon
341 2444 382 2475 12
407 2440 542 2484 ἐδόκει]
567 2440 688 2480 ἐδόκει
713 2440 808 2479 εἶναι
834 2444 955 2479 Euseb
1060 2440 1094 2481 δ’
1118 2445 1180 2481 LO
1277 2445 1389 2492 πρὸς]
1420 2445 1496 2493 πρὸ
1522 2448 1730 2484 PAMLLat
1755 2454 1790 2484 et

123 2497 272 2532 Eusebii
297 2497 400 2533 codd.
425 2498 586 2543 plerique
680 2502 721 2533 14
745 2495 958 2545 ἀνοιχθεῖσα
983 2500 1014 2534 L
1105 2496 1184 2538 ὑπό
1207 2506 1286 2544 του]
1312 2513 1380 2538 om.
1396 2503 1467 2538 Lat
1488 2501 1562 2542 ὑπὸ
1589 2509 1658 2544 τοῦ
1675 2506 1790 2541 A¹LR

123 2549 197 2589 ὑπὸ
225 2556 293 2590 τοῦ
317 2549 528 2600 α’ρχιερὲωσ
551 2555 699 2590 Eusebii
723 2556 826 2591 codd.
857 2556 999 2600 quidam
1025 2561 1059 2591 et
1082 2558 1163 2593 inde
1186 2558 1337 2594 Hudson
1479 2564 1516 2595 15
1541 2558 1574 2606 ἡ]
1600 2556 1644 2607 ἦν
1667 2562 1698 2596 L

125 2609 163 2645 δὲ
179 2609 385 2645 LVRCZon
469 2609 669 2658 ἐνδοτέρω]
694 2611 847 2646 LEuseb
869 2610 1071 2659 ἐνδοτέρου
1087 2613 1365 2650 PAMVRCZon
1388 2614 1574 2664 ἐξωτέρου
1599 2619 1745 2653 Grotius

125 2667 230 2706 ναοῦ]
255 2665 568 2710 PAMLLath,
599 2677 666 2702 om.
691 2666 909 2702 VRCEuseb
1028 2671 1068 2703 16
1102 2671 1226 2716 δείλησ
1250 2671 1346 2706 VRC
1460 2669 1527 2710 ὑπ’
1559 2670 1788 2720 ἀνθρώπων]

123 2717 198 2756 ὑπὸ
222 2716 303 2762 (ὑπ’
322 2722 361 2764 Ο)
386 2719 535 2769 ἀνδρῶν
558 2722 696 2759 LCZon
792 2727 829 2758 17
855 2728 1083 2771 καταπῆγασ
1105 2725 1323 2762 VRCEuseb
1419 2732 1458 2764 18
1484 2727 1517 2765 δ’
1538 2730 1721 2765 LCEuseb

126 2776 179 2818 εἰς
202 2797 245 2801 -
269 2781 310 2811 19
335 2778 583 2823 καθιεμένους
608 2790 676 2814 om.
703 2779 823 2814 Euseb
940 2782 1075 2818 λίθουσ
1099 2782 1178 2816 ΡΑ1
1297 2787 1336 2819 19
1361 2780 1572 2832 ἠνοιγμένη]
1607 2786 1790 2822 PAEuseb

125 2828 338 2879 ἠνεωγμεῖνη
363 2833 606 2869 MLVRCZon
631 2831 846 2883 ἀνεῳγμένη
873 2836 916 2872 L.
943 2837 1098 2872 Dindorf
1233 2842 1274 2874 20
1301 2839 1512 2888 δραμόντες
1529 2864 1569 2868 -
1591 2846 1668 2886 552,
1686 2848 1706 2877 4
1731 2856 1790 2887 ση-

127 2893 235 2930 μεῖον
260 2898 328 2923 om.
354 2889 474 2924 Euseb
568 2891 606 2927 δὲ
632 2889 679 2932 οἱ]
705 2887 739 2927 δ’
765 2887 786 2936 ἡ
813 2891 839 2925 C
933 2889 1156 2940 ἀνήγγειλάν
1179 2893 1219 2928 Μ

1822 258 1901 297 288

1818 528 1899 568 289

1768 663 1785 669 ”
1818 664 1900 703 290

1818 1002 1894 1042 291

1818 1069 1900 1108 292

1818 1204 1899 1245 293

1817 1539 1898 1578 294

1817 1607 1899 1646 295
