2018 3236
236 141 315 176 558
655 136 722 170 DE
747 135 907 171 BELLO
932 135 1027 170 IUD.
1053 134 1104 169 VI
1128 137 1305 170 343-350
1330 137 1378 177 (VI
1404 139 1436 177 2)

124 257 205 297 344
235 251 350 306 μόνα
371 258 463 298 τοῖς
485 244 598 290 οἶῗτω
630 256 842 303 πονηροῖς
874 246 1115 302 πρέποντα.
1167 243 1269 303 ἧκον
1291 247 1366 290 ἐπὶ
1391 247 1467 304 τὴν
1488 245 1621 291 πόλιν
1653 247 1734 303 ἐγώ
1766 249 1890 303 παρὰ

235 321 313 360 τοῦ
343 314 512 370 πατρὸς
546 311 726 364 ἰίκοντος
756 313 902 369 λαβὼν
942 314 1190 369 σκυθρωπὰ
1229 315 1587 370 παραγγέλματα.
1646 313 1722 358 τὸν
1754 315 1890 371 δῆμον

125 391 204 430 345
238 381 426 432 ἀκούσας
462 380 655 438 εἰρηνικὰ
688 390 867 437 φρονεῖν
897 376 1053 439 ἥσθην.
1104 379 1218 435 ὑμᾶς
1255 381 1525 425 παύσασθαι
1565 382 1651 438 πρὸ
1693 384 1889 436 πολέμου

121 792 200 831 346

121 1062 198 1101 347

119 1264 199 1303 348

121 1332 200 1371 349

89 1534 219 1585 2350,

234 449 529 504 παρεκάλουν,
561 452 686 504 μέχρι
725 450 895 491 πολλοῦ
936 449 1247 502 πολεμούντων
1279 449 1538 507 ἐφειδόμην,
1582 448 1728 500 δεξιὰς
1767 445 1891 492 αὖτο-

232 518 386 572 μόλοις
418 517 571 568 ἔδωκα,
604 518 909 571 καταφυγοῦσι
939 519 1117 566 πίστεις
1138 516 1341 574 ἐτήρησα,
1374 516 1566 567 πολλοὺς
1590 516 1890 571 αἰχμαλώτους

232 580 417 641 ἠλέησα,
457 582 560 633 τοὺς
600 582 858 638 ἐπείγοντας
895 587 1142 638 βασανίσας
1183 583 1391 634 ἐκόλασα,
1433 589 1618 637 τείχεσιν
1664 581 1890 638 ὑμετέροις

230 649 427 707 μηχανὰς
458 649 573 693 ἄκων
595 651 888 709 προσήγαγον,
922 646 989 693 ἀεὶ
1013 654 1242 707 φονῶντας
1263 651 1364 701 τοὺς
1387 651 1660 706 στρατιώτας
1685 648 1762 708 ἐφ’
1789 648 1890 705 ὑμῖν

231 721 453 773 κατέσχον,
483 714 593 760 καθ’
625 718 808 775 ἑκάστην
839 723 958 776 νίκην
990 716 1049 769 (ὗς
1070 717 1318 774 ἡττώμενος
1343 716 1451 772 ὗμᾶς
1474 719 1536 768 εἷς
1558 719 1729 775 εἰρήνην
1752 735 1890 775 πρου-

232 784 495 842 καλεσάμην.
546 788 624 828 τοῦ
657 786 776 841 ἱεροῦ
812 787 1004 843 πλησίον
1033 786 1264 842 γενόμενος
1294 786 1432 830 πάλιν
1469 786 1576 829 ἑκών
1616 785 1891 843 ἐξελαθόμην

229 856 316 896 τῶν
337 854 415 896 τοῦ
436 854 634 907 πολέμου
667 853 824 907 νόμων,
857 857 1107 910 φείσασθαι
1132 854 1178 896 δὲ
1200 854 1475 909 παρεκάλουν
1505 857 1592 896 τῶν
1624 854 1749 897 ι’ὄίων
1781 851 1892 908 ὗμᾶς

233 918 369 976 ἇγίων
399 922 471 963 καὶ
513 923 656 963 σιῦσαι
696 919 772 963 τὸν
804 920 911 964 ναὸν
951 920 1144 973 ἑαυτοῖς,
1178 920 1326 971 ὂιόοιῖς
1357 919 1509 964 ἄδειάν
1545 939 1593 964 τε
1633 921 1788 972 ἐξόδου
1818 923 1889 964 καὶ

234 992 388 1031 πίστιν
421 992 653 1044 σωτηρίας,
688 987 725 1030 εἰ
757 984 797 1029 δ’
825 987 1078 1043 ἐβούλεσθε,
1108 991 1181 1031 καὶ
1202 988 1342 1046 μάχης
1364 988 1515 1044 καιρὸν
1538 989 1581 1032 ἐν
1604 986 1722 1045 ι’ἱλλῳ
1743 988 1890 1044 τόπῳ·

232 1055 411 1097 πάντων
442 1052 697 1110 ὑπερείδετε
726 1057 798 1098 καὶ
819 1055 895 1098 τὸν
927 1055 1031 1098 ναὸν
1058 1056 1193 1106 ἰδίαις
1221 1059 1369 1111 χερσὶν
1391 1056 1672 1113 ἐνεπρήσατε.
1723 1056 1890 1107 ἔπειτα,

232 1122 524 1178 μιαρώτατοι,
556 1124 862 1178 προκαλεῖσθέ
881 1140 936 1177 με
958 1123 1070 1179 πρὸς
1092 1123 1245 1179 λόγους
1268 1126 1363 1176 rsu-
1393 1124 1466 1166 ἵνα
1489 1128 1533 1167 τί
1555 1124 1724 1182 σώσητε
1744 1126 1892 1167 τοιοῦ-

230 1206 306 1232 τον
329 1189 423 1232 οἷον
447 1185 703 1243 ἆπόλωλεν,·
734 1194 870 1240 ποίας
899 1188 1011 1244 ὑμᾶς
1034 1190 1191 1241 αύτούς
1223 1188 1397 1242 ἀξιοῦτε
1427 1191 1537 1245 μετὰ
1568 1191 1644 1234 τὸν
1667 1191 1771 1234 ναὸν
1804 1206 1890 1233 σω-

231 1261 408 1315 τἠρίας,·
440 1253 552 1299 ἄλλα
584 1259 656 1300 καὶ
688 1259 762 1299 νῦν
792 1257 903 1312 μετὰ
935 1260 1021 1300 τῶν
1043 1253 1195 1300 ὅπλων
1226 1258 1434 1314 ἑστήκατε
1464 1261 1533 1302 καὶ
1567 1255 1661 1302 οὐδ’
1699 1259 1742 1301 ἐν
1765 1257 1891 1311 ἐσχά-

232 1342 327 1376 τοις
357 1322 655 1379 ὑποκρίνεσθε
685 1327 788 1380 γοῦν
820 1325 975 1377 ἱκέτας,
1008 1316 1041 1366 ὦ
1074 1327 1368 1381 ταλαίπωροι,
1399 1331 1488 1369 τίνι
1508 1327 1810 1379 πεποιθότες;
1841 1322 1890 1368 οὗ

230 1391 379 1448 νεκρὸς
407 1392 486 1447 μὲν
516 1389 637 1446 ὑμῶν
678 1389 699 1435 ὃ
734 1393 891 1448 δῆμος,
933 1393 1099 1445 οἴχεται
1131 1389 1171 1434 δ’
1209 1392 1231 1435 ὁ
1265 1394 1387 1446 ναός,
1433 1390 1507 1435 ἱπ)
1544 1393 1639 1448 ἐμοὶ
1673 1394 1718 1436 δὲ
1751 1391 1774 1449 ἡ
1807 1393 1891 1436 πό-

231 1461 317 1512 λις,
358 1459 401 1502 ἐν
428 1461 552 1514 χερσὶ
585 1460 631 1502 δὲ
661 1469 759 1510 ταῖς
790 1459 916 1514 ἐμαῖς
947 1460 1063 1513 ἔχετε
1092 1459 1173 1510 τὰς
1214 1457 1379 1515 ψυχάς,-
1426 1459 1520 1504 εἷτα
1557 1459 1891 1515 ὑπολαμβάνετε

235 1527 366 1579 δόξαν
408 1522 612 1578 ἆνόοείας
652 1526 700 1570 τὸ
741 1527 1051 1580 ὄυσθανατᾶν,·
1110 1523 1159 1569 01³>
1197 1527 1282 1582 μὴν
1324 1528 1404 1583 ἐγώ
1446 1528 1740 1586 φιλονεικήσω
1779 1527 1892 1582 πρός

232 1596 311 1654 τὴν
334 1592 555 1639 ἀπόνοιαν
576 1593 709 1650 ὗμιῦν,
742 1595 905 1652 ῥίψασι
938 1594 984 1636 δὲ
1013 1593 1068 1636 τὰ
1092 1593 1211 1637 ὅπλα
1241 1596 1311 1637 καὶ
1345 1596 1597 1651 παραδοῦσι
1628 1595 1682 1638 τὰ
1706 1595 1890 1650 σώματα

343 1809 573 1845 PAMLVRC
584 1807 884 1852 LatHegesippus
909 1808 941 1842 V
966 1810 1008 1842 46
1034 1819 1067 1852 p.
1094 1810 1172 1842 370.
1220 1807 1378 1842 Zonaras
1403 1808 1419 1841 I
1442 1819 1477 1852 p.
1497 1811 1573 1843 545.

348 1880 359 1911 1
387 1875 500 1921 μόνα]
525 1874 626 1915 μόνα
652 1875 697 1912 tc}
725 1876 754 1909 L
870 1875 1060 1922 τρέποντα
1086 1874 1112 1908 C
1205 1868 1298 1920 ἧκον
1323 1895 1363 1899 -
1391 1877 1409 1908 2
1435 1874 1744 1921 παραγγέλματα]
1770 1875 1889 1909 iussus

231 1945 296 1978 esso
321 1934 365 1968 ab
391 1934 504 1968 inuito
526 1938 636 1976 patre
659 1943 738 1967 cum
763 1931 945 1966 mandatis
970 1931 1129 1966 tristibus
1162 1930 1211 1964 (cd
1240 1931 1419 1966 ciuitatem
1453 1931 1575 1965 uenire
1599 1931 1669 1965 Lat
1783 1923 1888 1975 ἧκον]

229 1990 290 2026 ἐπὶ
325 1993 419 2035 ῆκον
454 1989 481 2023 P
640 1985 714 2034 ἐγὼ
749 1986 809 2023 ἐπὶ
846 1985 913 2033 τὴν
947 1984 1059 2022 πόλιν
1093 1990 1137 2022 tr.
1175 1986 1206 2020 L
1373 1989 1391 2020 2
1428 1985 1593 2028 ἄκοντος
1628 1997 1695 2022 om.
1733 1986 1800 2021 VR

229 2050 248 2080 3
275 2046 394 2092 ἥσθην
417 2045 573 2079 PALVC
667 2041 865 2080 παύσασθε
890 2043 947 2077 PC
1039 2042 1115 2087 πρὸ
1143 2053 1210 2077 om.
1236 2043 1263 2076 P
1378 2046 1400 2078 4
1425 2039 1665 2087 αὐτομόλοις]
1689 2046 1818 2087 sponte
1842 2041 1891 2076 ad

230 2114 284 2138 me
307 2101 532 2137 uenientibus
556 2100 628 2135 Lat
652 2095 930 2143 αὐτομολοῦσιν
955 2099 1128 2134 Destinon
1243 2099 1384 2135 δέδωκα
1408 2098 1573 2133 PMVRC
1599 2097 1731 2134 δέδοκα
1756 2099 1789 2131 Α

229 2154 507 2203 καταφεύγουσι
533 2156 570 2190 Μ
708 2157 835 2191 πίστιν
860 2155 920 2190 Rc
1059 2158 1077 2188 5
1104 2152 1192 2197 τοὺς
1217 2175 1257 2179 -
1283 2152 1461 2195 ἐκόλασα]
1489 2154 1696 2189 uerberibus
1719 2157 1891 2198 urqentes

231 2214 358 2249 bellum
384 2212 528 2248 coeit-cm·
552 2212 622 2246 Lat
712 2213 936 2258 βασανίσας]
962 2211 1048 2246 satis
1072 2210 1199 2245 mirum
1224 2212 1431 2258 βασανίσαι
1456 2210 1630 2245 Destinon
1711 2206 1890 2250 ἐκόλασα]

230 2268 399 2306 ἐκώλυσα
424 2269 454 2303 L
547 2272 564 2301 7
591 2271 789 2315 προσῆγον
812 2267 840 2302 Ρ
935 2270 953 2301 8
978 2262 1086 2308 καθ’]
1110 2263 1203 2311 μεθ’
1228 2267 1402 2302 Destinon
1494 2262 1782 2312 προεκαλούμην
1803 2265 1834 2299 L

235 2330 272 2360 10
298 2327 485 2372 φείσασθε
509 2324 570 2359 PL
678 2324 716 2360 δὲ
740 2333 807 2358 om.
833 2323 937 2357 LLat
1043 2325 1120 2359 τῶν
1144 2323 1248 2360 ἰδίων
1271 2320 1367 2367 ὑμᾶς
1391 2319 1522 2368 ἁγίων]
1547 2324 1624 2357 τῶν
1647 2317 1768 2368 ἁγίων
1791 2317 1891 2366 ῧμᾶσ

231 2385 307 2418 τῶν
331 2382 436 2418 ἰδίων
460 2381 489 2414 L
608 2382 649 2414 12
675 2379 709 2415 εἰ
731 2399 771 2404 -
798 2376 917 2425 τόπῳ]
942 2377 1001 2414 uel
1028 2379 1135 2414 etiam
1164 2390 1312 2425 puqnae
1343 2378 1416 2413 alio
1456 2383 1613 2424 tempore
1636 2378 1670 2412 si
1691 2376 1830 2412 velletis
1853 2377 1890 2411 in

231 2439 304 2472 alio
329 2438 408 2473 loco
432 2436 631 2482 facultates
653 2435 807 2481 praebui
823 2435 893 2469 Lat
980 2437 1000 2470 δ
1008 2430 1016 2443 ²
1034 2432 1254 2481 ἐβούλεσθε]
1279 2434 1318 2471 δὲ
1340 2433 1529 2481 βούλεσθε
1554 2436 1613 2474 (θε
1638 2443 1683 2467 ex
1707 2436 1773 2468 θαι
1798 2442 1889 2468 corr.

230 2495 274 2536 A)
299 2493 502 2529 PAMLVR.
594 2489 712 2540 τόπῳ]
738 2504 778 2527 τε
803 2489 912 2526 τόπω
935 2490 966 2525 L
1063 2494 1102 2525 13
1126 2487 1320 2536 ὑπερίὸετε
1345 2489 1441 2524 PAR
1532 2486 1790 2536 ἐνεμπρήσατε
1814 2489 1847 2522 Α

232 2545 352 2586 ἔπειτ’
371 2544 401 2584 ὦ
419 2549 524 2584 Niese
598 2551 638 2582 14
653 2545 888 2594 μιαρώτατοι
906 2547 929 2581 i.
947 2556 1056 2590 marg.
1076 2546 1193 2590 suppl.
1211 2547 1244 2580 A
1317 2548 1573 2590 προκαλεῖσθε
1592 2565 1630 2569 —
1650 2547 1716 2581 νῦν
1732 2554 1800 2580 om.
1820 2543 1847 2578 C

231 2607 500 2650 προκαλεῖσθε]
526 2604 581 2638 ed.
607 2614 660 2647 pr.
686 2606 967 2649 προσκαλεῖσθε
992 2604 1320 2648 (προσκα-λεῖσθε
1344 2601 1387 2643 L)
1412 2601 1514 2636 codd.
1538 2601 1755 2646 prouocatis
1777 2599 1847 2634 Lat

230 2673 276 2705 με
302 2671 369 2695 om.
394 2660 421 2694 P
536 2658 646 2705 πρὸς]
672 2658 729 2694 εἰσ
753 2659 782 2692 L
900 2661 939 2692 15
965 2658 1090 2699 ποίας]
1121 2657 1264 2691 Bekker
1288 2655 1376 2693 οἳάσ
1399 2657 1500 2692 codd.
1530 2668 1603 2702 qua
1627 2656 1697 2691 Lat
1809 2651 1892 2694 τὸν]

232 2718 308 2752 τῶν
334 2716 359 2750 C
465 2719 504 2749 16
529 2711 712 2759 ἑστήκατε
737 2714 842 2755 (inter
865 2711 886 2759 ἡ
912 2717 947 2747 et
970 2727 993 2748 κ
1017 2712 1169 2757 spatium
1194 2723 1347 2747 uacuum
1373 2715 1459 2747 2—3
1483 2713 1550 2747 litt.
1575 2712 1616 2751 P)
1641 2712 1704 2747 PA
1808 2705 1891 2747 οὐδὲ

231 2771 332 2806 AVR
415 2774 451 2806 17
479 2769 603 2811 ἱκέτας
627 2780 696 2804 om.
721 2769 748 2803 P
832 2771 871 2803 18
895 2768 964 2812 μὲν
988 2779 1056 2803 om.
1082 2769 1110 2802 P
1192 2769 1230 2805 δὲ
1253 2768 1349 2803 VRC
1428 2767 1525 2813 ἐμοὶ]
1550 2767 1616 2812 ἐμὲ
1638 2768 1669 2802 L
1756 2762 1792 2803 δ’
1816 2766 1846 2800 L

234 2831 273 2863 19
299 2825 371 2863 τὰσ
395 2824 492 2871 ἐμὰσ
516 2827 542 2861 C
658 2822 735 2861 εἷθ’
762 2824 788 2858 C
900 2820 1185 2871 ὑπελαμβάνετε
1214 2824 1278 2858 AL
1395 2827 1436 2858 20
1469 2822 1629 2871 ἀνδρίασ
1652 2823 1730 2860 V²c
1844 2834 1888 2857 το

232 2886 406 2920 θανατᾶν
429 2882 556 2917 LVRC
648 2883 686 2915 21
714 2876 963 2925 παραδώσασι
988 2879 1018 2914 L

1922 862 1959 896 10

1921 1199 1957 1231 15

1921 1536 1957 1569 20
