1987 3246
213 165 277 199 XL
934 164 1125 198 Praefatio.

213 285 337 322 notae
376 278 642 331 marginales.
703 276 823 319 uides
863 277 990 330 igitur
1028 276 1128 329 quid
1159 282 1320 330 gestum
1353 279 1426 331 sit;
1468 291 1574 331 quae
1606 278 1716 319 enirn
1748 278 1861 319 Pari-

214 348 327 389 sinus
369 346 495 386 habet
540 346 581 385 in
621 345 809 397 margine
849 357 900 386 ea
938 343 970 385 C
1010 344 1052 384 in
1096 348 1256 386 textum
1293 346 1452 398 recepit
1489 358 1571 386 non
1610 346 1751 387 omnia
1788 345 1863 386 sed

214 418 374 466 partem
396 412 438 463 1).
513 410 589 454 sed.
634 412 798 464 longius
845 423 894 452 eo
939 411 1228 453 ratiocinando
1272 412 1470 465 progredi
1515 413 1634 463 licet,
1680 416 1725 452 ut
1769 423 1861 452 eam

214 479 522 532 recensionem,
569 491 676 531 quae
723 478 868 520 codice
911 477 942 519 C
981 478 1161 529 aliisque
1201 479 1453 532 continetur,
1500 479 1558 520 ita
1597 483 1729 520 ortam
1770 490 1862 520 esse

213 546 489 597 coniciamus,
535 550 580 587 ut
623 545 730 587 liber
768 558 822 587 ex
861 557 1015 597 genere
1054 557 1124 597 eo,
1172 546 1288 587 cuius
1326 552 1420 586 sunt
1458 546 1552 598 VR,
1601 546 1776 588 collatus
1822 550 1863 586 et

212 616 421 655 correctus
452 612 506 654 sit
536 625 629 654 cum
661 613 827 666 generis
867 612 1039 653 alterius
1080 612 1333 665 exemplari,
1374 612 1487 665 quod
1526 613 1564 654 ei
1604 612 1861 655 simillimum

212 684 313 732 erat,
347 692 400 721 ex
432 692 512 732 quo
543 684 664 720 natus
695 683 758 721 est
778 679 1083 720 Laurentianus
1109 678 1186 728 (L).
1236 677 1357 720 huius
1380 679 1688 732 discrepantiae
1708 680 1860 732 partim

212 747 253 787 in
272 750 432 788 textum
449 747 605 788 inlatae
623 750 718 788 sunt
738 746 889 799 partim
911 746 952 787 in
974 746 1162 798 margine
1184 746 1404 799 appositae
1419 747 1461 795 ²).
1507 746 1631 788 simul
1654 748 1861 786 corrector

211 826 286 855 suo
308 813 441 854 Marte
462 812 576 855 haud
597 826 735 867 pauca
751 814 984 866 temptauit,
1008 813 1359 865 interpolamenta
1380 811 1547 865 indidit,
1579 825 1686 865 quae
1708 812 1862 853 uitiosa

211 880 376 933 putauit
401 880 655 932 emendauit,
687 881 891 933 imprimis
922 880 1159 922 nominibus
1181 880 1364 921 Iudaicis
1395 880 1482 920 alia
1511 879 1721 932 apposuit,
1753 891 1861 931 quae

212 947 388 989 meliora
407 948 584 1000 putabat
598 949 639 1000 3),
671 947 853 1000 denique
876 951 1006 989 totum
1030 960 1134 999 opus
1155 947 1197 988 in
1220 947 1359 1000 capita
1380 945 1526 988 diuisit
1555 950 1596 987 et
1615 949 1862 998 argumenta

211 1014 328 1056 libris
350 1015 525 1068 singulis
547 1014 798 1068 praefixit4).
839 1015 966 1056 simili
989 1015 1152 1055 ratione
1172 1014 1315 1066 paullo
1337 1014 1420 1055 alio
1442 1013 1568 1055 modo
1592 1012 1699 1054 hanc
1719 1025 1860 1053 recen-

210 1081 371 1123 sionem
394 1082 624 1123 institutam
647 1095 739 1125 esse
760 1081 881 1123 uides
902 1086 1028 1134 atque
1051 1094 1156 1132 eam,
1188 1094 1295 1133 quae
1318 1084 1380 1122 est
1401 1081 1443 1121 in
1465 1079 1612 1122 codice
1633 1079 1858 1131 Marciano,

210 1148 340 1189 multo
384 1152 524 1189 tamen
560 1150 863 1202 acceptiorem3
909 1161 1005 1189 nam
1040 1149 1230 1201 plurimis
1272 1147 1586 1200 exemplaribus
1625 1150 1861 1200 propagata

211 1218 284 1256 est.
346 1214 444 1257 huic
483 1216 665 1269 denique
698 1216 933 1258 recensioni
965 1216 1159 1269 contigit,
1202 1219 1246 1256 ut
1276 1215 1410 1267 prima
1440 1215 1552 1268 typis
1585 1213 1861 1256 excuderetur

210 1282 480 1334 omniumque
510 1282 629 1325 fieret
661 1283 890 1325 editionum
913 1282 1242 1324 fundamentum.
1294 1281 1368 1323 sed
1400 1281 1452 1323 de
1483 1281 1548 1324 his
1578 1281 1687 1322 infra
1715 1279 1859 1333 paullo

208 1350 444 1391 accuratius
476 1349 699 1392 dicendum
732 1354 805 1392 est.

580 1519 602 1566 ξ
634 1520 657 1559 9
691 1516 743 1559 de
775 1516 921 1559 codice
952 1517 1233 1570 Neapolitano
1263 1517 1326 1558 III
1357 1516 1389 1557 B
1424 1517 1486 1556 19.

320 1617 441 1659 Nunc
452 1616 504 1659 de
517 1618 690 1671 reliquis
708 1618 923 1660 codicibus
941 1630 1048 1671 quae
1066 1617 1248 1659 dicenda
1264 1622 1359 1659 sunt
1374 1618 1650 1670 proferantur.
1679 1619 1857 1671 primum

208 1685 334 1737 igitur
357 1685 748 1727 commemorandus
767 1690 830 1727 est
845 1685 1152 1738 Neapolitanus
1167 1685 1229 1726 III
1245 1685 1278 1726 B
1300 1687 1362 1737 19,
1387 1686 1457 1737 qui
1483 1684 1580 1726 ideo
1603 1685 1857 1738 singularem

321 1798 353 1838 1)
379 1795 580 1839 comparari
603 1797 723 1839 potest
746 1794 836 1829 alius
854 1794 955 1829 locus
972 1804 1007 1838 p.
1027 1797 1102 1838 389,
1122 1798 1152 1836 ἵ,
1178 1794 1239 1829 ubi
1257 1795 1538 1841 διαφθείροιντο
1557 1795 1592 1828 in
1610 1797 1709 1830 textu
1726 1796 1859 1830 habent

207 1854 242 1886 et
268 1851 293 1886 C
319 1854 354 1885 et
377 1851 560 1886 Parisinus
590 1854 693 1894 14293
731 1853 769 1884 at
792 1850 851 1884 hic
874 1850 910 1884 in
934 1850 1093 1894 margine
1118 1850 1180 1885 dat
1204 1851 1455 1896 διαφέροιντο,
1481 1850 1575 1895 quod
1599 1851 1734 1895 recepit
1757 1851 1858 1886 Pari-

206 1906 303 1941 sinus
332 1909 428 1941 1427.
539 1909 569 1943 2)
597 1917 633 1941 re
657 1915 744 1940 uera
767 1907 803 1940 in
829 1906 980 1940 Parisini
1008 1909 1092 1941 1429
1116 1907 1273 1950 margine
1298 1907 1480 1950 complura
1504 1908 1627 1941 extant
1650 1917 1693 1941 ex
1715 1908 1858 1942 meliore

203 1972 331 2006 genere
348 1964 501 2007 sumpta,
520 1963 619 1997 uelut
636 1974 670 2006 p.
690 1964 765 2001 284.
786 1964 825 1995 18
843 1960 1128 2008 προηργηκότες
1146 1965 1180 1996 et
1196 1974 1230 2006 p.
1246 1965 1321 2003 385,
1335 1966 1354 1997 9
1373 1963 1648 2008 συστραφέντες
1663 1964 1857 2007 ascriptum

205 2018 251 2052 ad
288 2018 614 2063 συσπειραθέντες.
659 2027 723 2052 nec
758 2018 885 2051 mirum
921 2019 1014 2060 quod
1050 2019 1241 2053 lectionum
1278 2018 1524 2061 marginalium
1561 2029 1644 2062 pars
1681 2018 1856 2053 interdum

202 2074 359 2109 librariis
389 2075 439 2109 ita
470 2074 619 2118 placuit,
658 2077 698 2108 ut
733 2074 768 2107 in
798 2076 934 2107 textum
967 2074 1184 2118 reciperent,
1221 2075 1321 2108 uelut
1356 2085 1391 2117 p.
1417 2077 1499 2116 385,
1526 2077 1544 2107 9
1581 2074 1858 2120 συστραφέντες

203 2131 337 2175 recepit
360 2131 508 2165 Parisin.
551 2132 647 2164 1427.
684 2128 836 2163 fortasse
860 2129 965 2163 etiam
990 2129 1036 2172 id,
1062 2129 1155 2173 quod
1179 2141 1213 2173 p.
1241 2133 1294 2172 35,
1322 2132 1362 2163 16
1392 2129 1428 2163 in
1454 2130 1479 2163 C
1504 2129 1755 2173 interpolatum
1780 2139 1857 2165 esse

203 2197 312 2232 supra
338 2186 500 2227 diximus,
526 2187 677 2230 primum
701 2186 735 2219 in
759 2185 916 2228 margine
939 2185 1023 2228 fuit3
1049 2195 1130 2219 nam
1155 2185 1259 2219 etiam
1283 2195 1378 2219 nune
1402 2185 1438 2219 in
1456 2186 1614 2219 Parisino
1636 2188 1718 2219 1427
1745 2186 1856 2220 uerba

203 2241 241 2278 αἳ
266 2245 330 2278 νῦν
356 2242 424 2279 εἰσι
448 2240 746 2288 χρηματίζουοαι
771 2243 847 2276 τῶν
870 2237 967 2277 κατὰ
993 2240 1061 2286 τὴν
1084 2242 1215 2286 κοίλην
1240 2241 1373 2286 συρίαν
1398 2238 1593 2285 ἑλληνίδων
1616 2238 1769 2277 πόλεων
1784 2252 1855 2277 non

201 2299 238 2332 in
263 2302 362 2333 textu
387 2303 527 2339 extant,
565 2298 627 2331 sed
651 2298 686 2331 in
710 2297 877 2340 margine.
1047 2300 1078 2338 3)
1103 2296 1207 2330 huius
1232 2297 1283 2330 rei
1307 2297 1402 2330 aliud
1428 2297 1626 2340 exemplum
1651 2297 1719 2331 hoc
1743 2297 1853 2332 habe:

201 2365 237 2399 p.
266 2357 340 2396 100,
366 2358 407 2389 18
440 2355 585 2389 fratrem
609 2354 803 2388 Mariamae
833 2363 953 2388 omnes
982 2352 1064 2386 boni
1088 2353 1196 2386 testes
1221 2353 1404 2395 appellant
1426 2348 1620 2398 Ἰωνάθην,
1656 2353 1692 2387 in
1718 2353 1744 2388 C
1769 2364 1854 2388 uero

201 2410 374 2445 habemus
410 2407 718 2456 Ἀριστόβουλον,
755 2408 848 2452 quod
877 2418 920 2442 ex
943 2407 1099 2451 margine
1124 2409 1159 2442 in
1184 2411 1318 2442 textum
1344 2409 1497 2443 delatum
1522 2419 1598 2443 esse
1622 2409 1750 2443 docent
1775 2419 1854 2444 cum

201 2466 284 2507 VR,
318 2467 353 2500 in
378 2467 506 2511 quibus
531 2470 584 2501 est
608 2459 887 2512 οἷριστόβουλον
911 2462 1095 2508 ἶωνάθην,
1131 2467 1205 2497 tum
1230 2463 1331 2507 Lips,
1360 2465 1396 2498 in
1423 2474 1491 2508 quo
1516 2460 1795 2512 ἅριστόβουλον
1818 2466 1855 2499 in

201 2523 361 2565 margine
393 2526 507 2565 extat,
539 2521 632 2566 quod
661 2523 839 2565 sumptum
865 2524 918 2554 est
941 2529 983 2554 ex
1009 2519 1091 2552 Ant.
1116 2518 1192 2552 lud.
1217 2518 1284 2554 XV
1310 2522 1349 2553 ‘23
1360 2530 1430 2564 sq.‚
1470 2521 1531 2555 ubi
1555 2530 1692 2564 semper
1714 2520 1854 2555 Aristo-

201 2578 306 2612 bulus
332 2578 472 2613 dicitur.
615 2579 649 2618 4)
673 2577 881 2619 argumenta
911 2575 948 2609 in
972 2575 1055 2609 solis
1080 2575 1294 2609 recensionis
1320 2575 1346 2609 C
1371 2576 1550 2610 codicibus
1575 2578 1610 2610 et
1633 2586 1678 2610 ne
1702 2576 1751 2611 eis
1777 2576 1854 2619 qui-

202 2633 281 2667 dem
306 2634 468 2668 omnibus
493 2633 673 2673 feruntur,
711 2642 732 2666 a
758 2631 881 2665 ceteris
907 2632 943 2665 et
965 2640 986 2664 a
1011 2630 1139 2664 Latino
1165 2631 1312 2672 absunt,
1350 2641 1460 2674 quare
1487 2631 1524 2665 in
1557 2631 1738 2666 codicibus
1762 2632 1853 2665 anti-

202 2690 386 2733 quioribus
421 2699 493 2724 non
530 2688 688 2723 extitisse
726 2687 908 2727 uidentur,
944 2686 1092 2730 aliisque
1127 2686 1234 2720 rebus
1264 2687 1408 2729 probari
1437 2688 1556 2730 potest
1585 2687 1671 2721 satis
1703 2697 1745 2721 ea
1775 2697 1854 2721 esse

203 2744 377 2788 recentia3
407 2744 595 2780 aliusmodi
620 2745 714 2778 certe
739 2745 822 2778 sunt
845 2748 952 2786 atque
975 2741 1235 2785 Antiquitatum
1259 2751 1376 2776 rerum
1399 2742 1546 2785 indices,
1571 2743 1698 2786 quibus
1723 2753 1794 2776 non
1818 2743 1853 2776 id

199 2800 329 2843 agitur,
353 2804 394 2834 ut
418 2800 548 2843 singuli
573 2800 654 2834 libri
677 2799 713 2832 in
738 2799 855 2842 capita
879 2798 1093 2833 diuidantur.
1143 2807 1205 2831 cur
1229 2802 1346 2831 autem
1371 2798 1462 2832 bello
1485 2798 1628 2832 Iudaico
1647 2801 1853 2841 argumenta

200 2856 397 2900 antiquitus
423 2866 493 2890 non
519 2855 747 2896 adderentur,
775 2863 881 2888 causa
904 2853 1017 2887 fuisse
1041 2853 1192 2894 uidetur,
1219 2853 1310 2896 quod
1326 2853 1498 2898 Iosephus
1521 2853 1598 2898 ipse
1620 2853 1657 2887 in
1674 2854 1852 2897 prooemio

203 2911 284 2946 belli
310 2911 444 2946 Iudaici
468 2910 535 2954 (I§
558 2912 701 2952 19-29)
725 2910 857 2944 indices
881 2919 998 2944 rerum
1023 2919 1044 2942 a
1069 2919 1106 2944 se
1130 2914 1354 2944 narratarum
1379 2909 1485 2944 dedit.
