2018 3236
158 393 205 431 19

151 460 202 498 20

146 794 192 832 21

144 927 195 965 22

141 1195 192 1234 23

138 1330 190 1368 24

140 1532 192 1570 25

137 1666 189 1706 26

235 144 315 181 574
616 142 681 176 DE
710 140 868 175 BELLO
893 140 989 176 IUD.
1015 139 1085 175 VH
1112 142 1242 175 18-26
1266 143 1290 182 (1
1318 146 1346 173 3.
1373 145 1395 172 11
1425 147 1451 174 1.
1478 143 1509 183 2)

237 255 285 298 τὸ
321 253 512 297 παλαιὸν
546 252 588 295 ἔν
616 251 883 308 Ῥαφανέαις,
916 251 978 301 εἷς
1009 251 1054 294 δὲ
1086 251 1161 308 τὴν
1192 251 1445 310 ,ΤΙῚελιτηνὴν
1475 255 1741 312 καλουμένην
1773 250 1884 298 Em&-

240 323 403 364 στειλε·
444 319 566 371 παρὰ
606 318 681 361 τὸν
713 315 948 375 Εὐφράτην
984 317 1027 360 ἐν
1056 322 1292 374 μεθορίοις
1321 322 1397 375 τῆς
1424 316 1657 374 Ἀρμενίας
1689 322 1781 366 ἐστὶ
1811 325 1883 366 καὶ

237 388 576 435 Καππαδοκιάς.
629 385 706 427 δύο
738 386 783 428 δὲ
804 382 990 441 ἠξίωσεν
1023 381 1141 441 αὐτῷ
1170 389 1295 441 μέχρι
1325 389 1402 442 τῆς
1426 387 1489 437 εἰς
1508 388 1744 444 Αἴγυπτον
1775 386 1882 444 άφί-

235 456 351 509 ξεως,
383 453 430 495 τὸ
465 456 669 507 πέμπτον
701 455 772 495 καὶ
803 452 851 495 τὸ
879 454 1282 502 πεντεκαιδέκατον,
1314 458 1595 511 παραμένειν.
1646 458 1718 499 καὶ
1748 473 1882 498 κατα-

229 521 313 576 βας
353 516 441 574 ἶίμα
480 522 542 575 τῷ
582 522 756 575 στρατιῇ
795 519 908 574 πρὸς
947 519 1023 577 τὴν
1063 520 1138 564 ἐπὶ
1177 524 1231 578 τῇ
1269 521 1471 579 θαλάττῃ
1508 522 1781 578 Καισάρειαν
1821 523 1882 574 εἷς
1911 535 1929 566 5

231 588 390 644 ταί-την
411 587 459 629 τό
483 603 530 629 τε
562 588 738 642 πλῆθος
768 589 854 629 τιῦν
889 587 1096 644 λαφύρων
1125 584 1323 631 άπέθετο
1347 592 1418 633 καὶ
1448 590 1548 640 τοὺς
1581 589 1882 644 αἰχμαλώτους

230 654 498 711 προσέταξεν
532 653 574 696 ἒν
608 650 717 710 αι’-τῇ
749 654 1077 711 φυλάττεσθαι·
1110 655 1185 699 τὸν
1215 655 1297 712 γὰρ
1330 656 1392 707 εἷς
1422 656 1499 712 τὴν
1524 654 1711 701 Ἰταλίαν
1742 659 1881 701 πλοῦν

229 721 249 765 ὁ
282 721 443 776 χειμών
475 721 646 764 ε’κιόλυε.

340 791 392 831 ΙΙ.
430 793 462 831 1.
494 784 619 830 Καθ’
657 788 679 831 ὂ
713 789 759 831 δὲ
788 792 942 845 καιροῦ
973 794 1102 840 Τίτος
1124 795 1298 845 Καῖσαρ
1330 800 1422 841 τοῖς
1449 789 1765 846 Ἱεροσολύμοις
1796 809 1880 834 πο-

230 857 410 911 λιορκιῦν
444 852 754 912 προσήδρευεν,
787 856 831 899 ἐν
860 856 1002 913 τούτῳ
1036 857 1140 907 νειὸς
1172 859 1382 914 φορτίδος
1410 854 1749 909 Οὐεσπασιανὸς
1780 859 1878 902 ἐπι-
1908 870 1944 903 10

226 922 309 977 βὰς
332 919 419 965 άπὸ
446 925 520 980 τῆς
537 919 871 978 Ἀλεξανδρείας
894 924 956 973 εἷς
972 922 1115 967 Ῥόδον
1147 925 1376 979 διέβαινεν.
1428 925 1632 969 ἐντεῦθεν
1655 927 1701 969 δὲ
1732 927 1879 969 πλέων

225 989 299 1033 ἐπὶ
332 990 520 1047 τριήρων
551 992 621 1033 καὶ
654 990 803 1041 πάσας
833 990 912 1041 τὰς
944 991 987 1034 ἓν
1017 994 1079 1047 τῷ
1112 993 1336 1048 παράπλῳ
1376 992 1530 1043 πόλεις
1571 993 1778 1036 ἐπελθών
1809 991 1879 1036 εὗ-

225 1062 385 1107 κταίως
409 1053 538 1100 αὐτὸν
562 1058 809 1112 δεχομένας,
834 1055 923 1102 ἀπὸ
947 1065 1024 1114 τῆς
1040 1056 1205 1109 Ἰωνίας
1231 1059 1292 1110 εἷς
1314 1059 1390 1116 τὴν
1409 1057 1591 1103 Ἑλλάδα
1614 1063 1877 1116 περαιοῦται

223 1121 428 1167 κάκεῖθεν
461 1120 549 1169 ἀπὸ
586 1125 806 1181 Κερκύρας
847 1122 920 1168 ἐπ’
967 1124 1100 1182 ὂῖκραν
1129 1122 1370 1182 Ἰαπυγίαν,
1412 1122 1520 1170 ὅθεν
1552 1125 1629 1185 ἤδη
1662 1126 1770 1170 κατὰ
1801 1130 1877 1184 γῆν

227 1191 423 1234 ἐποιεῖτο
454 1191 531 1249 τὴν
564 1197 762 1248 πορείαν.
819 1198 950 1244 Τίτος
982 1194 1027 1237 δὲ
1061 1190 1148 1236 άπὸ
1173 1196 1250 1251 τῆς
1282 1193 1357 1237 ἐπὶ
1382 1195 1582 1251 θαλάττῃ
1607 1199 1879 1250 Καισαρείας
1909 1205 1944 1238 15

224 1255 459 1311 ἀναζεύξεις
499 1259 561 1310 εἰς
599 1259 676 1315 τὴν
719 1262 952 1304 Φιλίππου
992 1262 1258 1318 καλουμένην
1300 1261 1571 1317 Καισάρειαν
1612 1258 1684 1318 ἧκε
1724 1258 1877 1316 συχνόν

222 1322 261 1367 τ’
290 1326 332 1369 ἓν
356 1322 466 1384 αἰτῇ
484 1327 639 1381 χρόνον
662 1327 888 1382 ἐπέμεινεν
910 1332 1127 1379 παντοίας
1148 1332 1343 1382 θεωρίας
1365 1328 1599 1372 ἐπιτελῶν·
1622 1331 1692 1372 καὶ
1716 1330 1876 1372 πολλοὶ

225 1396 310 1436 τῶν
344 1390 630 1448 αἰχμαλώτων
662 1394 857 1437 ἐνταῦθα
889 1395 1219 1453 διεφθάρησαν,
1258 1396 1298 1437 οἱ
1329 1396 1407 1449 μὲν
1440 1399 1618 1453 θηρίοις
1649 1397 1875 1452 παραβλη-

226 1464 390 1512 θέντες,
424 1461 465 1503 οἱ
498 1461 544 1503 δὲ
574 1461 684 1503 κατὰ
716 1462 894 1519 πληθὲν
918 1459 1122 1518 ἀλλήλοις
1146 1458 1484 1518 ἀναγκαζόμενοι
1502 1463 1760 1520 χρήσασθαι
1790 1480 1876 1506 πο-

224 1529 404 1581 λεμίοις.
466 1527 660 1571 ἐνταῦθα
699 1531 769 1571 καὶ
806 1529 882 1586 τὴν
914 1534 1112 1584 Σίμωνος
1142 1533 1219 1572 τοῦ
1252 1529 1400 1586 Γιώρα
1431 1530 1648 1587 σύλληψιν
1681 1530 1874 1573 ἐπέθετο
1904 1539 1941 1573 20

225 1597 380 1637 τοῦτον
410 1598 641 1653 γενομένην
672 1595 747 1638 τὸν
778 1596 958 1651 τρόπον.

335 1665 373 1703 2.
414 1665 561 1715 Σίμων
609 1658 735 1712 οὗτος
769 1660 1076 1717 Ἱεροσολύμων
1122 1666 1504 1719 πολιορκουμένων
1549 1663 1625 1708 ἐπὶ
1669 1667 1745 1721 τῆς
1784 1662 1874 1707 ὂίνω

222 1728 396 1778 πόλεως
432 1725 511 1783 (Ur,
557 1727 655 1771 ἐπεὶ
687 1732 773 1771 τιῦν
804 1732 956 1783 τειχῶν
997 1729 1116 1780 ἐντὸς
1146 1728 1169 1786 ἡ
1200 1730 1420 1784 Ῥωμαίων
1453 1731 1637 1785 στρατιὰ
1667 1735 1872 1789 γενομένη

221 1797 371 1838 πᾶσαν
406 1794 595 1851 ε’πίρθει
626 1795 704 1853 τὴν
735 1796 879 1848 πόλιν,
912 1796 1013 1839 τότε
1043 1799 1130 1840 τιῦν
1163 1798 1305 1852 φίλων
1330 1797 1431 1847 τοῖς
1461 1798 1755 1848 πιστοτάτους
1785 1815 1873 1840 πα-

329 1950 529 1984 AMLVRC
540 1950 839 1995 LatHegesippus
864 1952 895 1986 V
920 1956 961 1986 49
986 1964 1020 1996 p.
1040 1955 1116 1986 374.
1158 1952 1317 1987 Zonaras
1337 1952 1352 1985 I
1369 1964 1403 1996 p.
1423 1956 1497 1988 549.

332 2010 345 2041 1
375 2012 588 2053 ραᾳανεαῖσ
611 2007 642 2038 A
668 2006 902 2051 ῥαφαναιάισ
932 2008 1099 2043 MLVRC
1240 2007 1460 2054 Μελιτηνὴν]
1491 2009 1546 2043 ed.
1574 2009 1706 2044 Geneu.
1737 2012 1871 2052 μελιτι-

215 2076 280 2107 νην
306 2062 331 2096 C
355 2064 508 2107 μελίτην
533 2061 775 2097 AMLVRLat
890 2066 908 2097 2
933 2060 1121 2109 άρμενιάσ
1144 2065 1176 2097 Α
1282 2061 1374 2104 ἐστὶ]
1400 2061 1451 2100 ἔτι
1477 2064 1538 2098 RC
1645 2067 1664 2099 3
1690 2060 1723 2100 δ’
1751 2065 1778 2098 L

214 2112 315 2153 αὐτῶ
341 2128 383 2151 ex
409 2113 549 2154 αὐτοί-ο
575 2127 664 2152 corr.
692 2118 718 2152 C
819 2118 938 2164 μέχρι,
962 2133 988 2162 μ
1013 2129 1056 2153 ex
1082 2133 1101 2153 ν
1127 2130 1218 2153 corr.
1244 2122 1276 2153 A
1391 2124 1411 2153 4
1436 2120 1784 2162 πεντεκαιδέκατον]
1810 2121 1869 2156 cle-

215 2175 341 2207 cimam
358 2173 428 2207 Lat
496 2172 737 2219 παραμένειν,
762 2187 793 2209 ει.
810 2174 831 2208 i.
850 2184 919 2209 ras.
938 2174 968 2208 L
1037 2179 1055 2209 5
1081 2173 1261 2221 θαλάττη,
1278 2191 1299 2221 η
1315 2176 1337 2210 i.
1358 2185 1427 2210 ras.
1447 2187 1492 2210 m.
1512 2179 1530 2210 2
1547 2177 1580 2211 V
1597 2173 1770 2222 θαλάσση
1787 2177 1825 2210 Μ

213 2226 386 2274 καισάρει
411 2228 457 2263 V¹
550 2232 568 2264 8
594 2226 782 2265 ἐκώλυσεν
806 2230 836 2264 L
928 2234 947 2264 9
972 2226 1066 2266 καθ’
1093 2227 1125 2272 ὅ]
1158 2227 1252 2267 καθ’
1280 2227 1324 2266 ὃν
1347 2231 1377 2265 L
1401 2227 1497 2267 καθ’
1523 2225 1567 2268 οὗ
1592 2232 1825 2267 casaubonus

210 2313 348 2363 καιρὸν
372 2318 400 2350 L
492 2324 572 2360 τοῖς
597 2329 665 2353 om.
693 2318 757 2353 VR
852 2322 890 2352 10
915 2317 956 2355 ἐν
981 2316 1113 2368 τούτῳ]
1138 2318 1199 2356 ἐπὶ
1224 2321 1252 2354 L
1338 2335 1365 2365 φ
1383 2339 1390 2346 -
1410 2322 1563 2368 ορτίδοσ
1581 2321 1618 2354 Μ
1636 2301 1689 2366 (ἕρ
1707 2340 1715 2347 ·
1738 2339 1746 2346 ·
1763 2322 1869 2357 τίδοσ

213 2380 253 2410 (s.
274 2384 318 2406 m.
342 2376 372 2413 2)
398 2374 429 2408 V
517 2378 551 2409 11
575 2374 631 2410 εἰσ
648 2371 715 2421 τὴν
731 2372 848 2421 ῥόδον
864 2376 893 2409 L
980 2377 1174 2422 διέβαινεν]
1200 2376 1369 2422 διέβαλεν
1386 2377 1414 2410 L
1432 2377 1514 2412 fort.
1532 2381 1629 2412 recte
1716 2380 1755 2413 12
1773 2391 1869 2425 τριη·

214 2431 291 2472 ρῶν
309 2429 408 2463 AMC
500 2430 522 2464 i.
541 2440 646 2473 marg.
667 2427 699 2466 ς’
719 2430 744 2464 C
829 2426 993 2467 εὖκτέωσ
1011 2433 1042 2465 Α
1137 2435 1175 2466 13
1197 2431 1261 2474 εἰς]
1286 2431 1346 2468 ἐπὶ
1364 2433 1391 2466 L
1488 2436 1527 2466 14
1551 2428 1729 2470 κάκεῖθεν
1749 2454 1787 2458 —
1808 2430 1869 2469 Ἰα-

213 2485 362 2529 πυγίαν]
393 2496 558 2529 cyressus
589 2485 716 2520 deinde
744 2496 892 2531 cercyra
917 2487 953 2520 in
979 2487 1138 2533 apuliam
1169 2488 1353 2534 (apyqiam
1384 2488 1461 2523 cod.
1488 2489 1618 2531 Berol.)
1651 2489 1792 2525 delatus
1815 2494 1869 2526 est

211 2538 280 2573 Lat
349 2538 549 2586 κερκύρασ,
576 2555 596 2586 ρ
620 2543 702 2575 ante
718 2555 741 2576 κ
757 2542 779 2576 i.
806 2551 872 2577 ras.
899 2545 918 2576 2
942 2542 1009 2576 litt.
1029 2542 1059 2577 V
1129 2539 1206 2584 ἐπ’]
1232 2539 1377 2590 άπῆρεν
1393 2540 1457 2580 ἐπ’
1475 2544 1504 2578 L
1576 2544 1775 2591 ἰαπηγυῐαν
1791 2546 1823 2579 A

215 2598 253 2628 15
279 2597 419 2641 πυρίαν
436 2598 466 2629 Α
560 2591 596 2631 δ’
615 2596 640 2630 C
732 2595 914 2642 θαλάττῃ]
934 2599 975 2644 τῆ
1002 2596 1174 2646 θαλάσση
1193 2600 1228 2633 Μ
1247 2598 1442 2646 θαλάττησ
1458 2600 1488 2634 L
1584 2603 1623 2635 16
1648 2597 1867 2645 άναζεύξασ,

213 2647 285 2687 α’να
311 2652 332 2686 i.
363 2661 432 2686 ras.
460 2654 480 2685 4
511 2651 577 2685 litt.
604 2651 633 2684 L
769 2646 849 2698 ἥκει
873 2653 967 2688 VRC
1105 2652 1244 2700 συχνόν
1268 2652 1317 2697 τ’]
1351 2658 1414 2691 καὶ
1445 2652 1583 2701 συχνὸν
1607 2656 1636 2690 L
1662 2653 1801 2701 συχνόν
1825 2669 1866 2692 τε

212 2707 276 2742 VR
366 2710 403 2741 17
429 2705 584 2749 ἐπέμενε
603 2706 629 2740 C
722 2710 757 2741 18
783 2705 1011 2754 διεῳάρησαν
1030 2709 1076 2744 R¹
1149 2713 1186 2744 19
1207 2709 1243 2746 οἱ
1260 2711 1281 2746 i.
1300 2721 1370 2746 ras.
1389 2713 1420 2745 A
1505 2707 1691 2758 α’λλήλουσ
1707 2711 1817 2747 V¹RC

212 2768 253 2800 20
281 2764 457 2807 Σίμωνος
492 2765 557 2798 τοῦ
587 2761 730 2805 Γιώρα]
753 2764 924 2798 simonem
958 2765 1142 2807 (minorem
1173 2765 1249 2801 cod.
1275 2767 1358 2801 Vat.
1387 2768 1559 2803 simonem
1590 2767 1760 2801 minorem
1786 2767 1863 2802 cod.

212 2820 343 2861 Berol.)
367 2817 518 2864 yoryz‘ae
538 2817 653 2861 filium
677 2817 747 2851 Lat
837 2817 964 2865 γηώρα
988 2820 1014 2854 C
1108 2823 1145 2855 21
1174 2821 1371 2868 γινομένην
1389 2824 1416 2857 L
1510 2825 1551 2857 22
1576 2825 1651 2859 τῶν
1675 2819 1865 2868 ἳεροσολύ-

209 2889 293 2921 μων
317 2875 347 2910 L
440 2876 479 2907 24
505 2871 652 2918 ἐπόρθη
676 2872 708 2907 R
798 2872 1062 2911 πιστωτάτουσ
1087 2876 1113 2910 C
