1987 3246
178 157 211 190 X
905 156 1096 191 Praefatio.

293 274 330 311 6.
342 271 389 311 R.
403 271 538 312 codex
555 270 767 311 Romanus
785 268 1069 311 bibliothecae
1082 269 1311 313 Vaticanae
1329 271 1546 314 Palatinus
1563 285 1623 324 gr.
1640 285 1729 313 nro.
1748 274 1830 313 284

181 337 350 379 saeculo
372 336 435 377 XI
454 340 527 377 aut
546 336 630 376 XII
650 336 693 376 in
714 336 967 378 membranis
997 336 1176 389 scriptus
1207 337 1400 380 foliorum
1431 343 1493 380 est
1513 340 1589 379 221
1613 339 1653 390 ¹).
1713 339 1831 381 initio

177 404 332 444 amisso
363 415 472 444 nunc
502 402 650 454 incipit
680 415 719 454 p.
752 403 817 455 23,
846 405 859 441 1
895 401 1147 457 Δημήτριος
1176 403 1266 456 μὲν,
1298 404 1453 446 desinit
1483 405 1524 446 in
1545 405 1675 447 uerba
1707 403 1830 445 ἐλάν-

178 471 289 508 θανε
320 469 456 508 ταῦτα
490 467 868 521 διαπραττόμενος
898 483 938 522 p.
966 471 1060 523 626,
1093 472 1138 524 3;
1169 485 1265 513 nam
1296 472 1486 513 ultimum
1515 472 1662 514 folium
1692 473 1829 526 periit.

177 539 430 577 correctores
462 535 608 577 habuit
640 535 764 588 duos,
808 537 878 589 qui
910 541 1050 579 tamen
1082 537 1194 579 haud
1234 538 1357 580 facile
1397 538 1707 590 discernuntur,
1747 539 1830 592 pri-

177 615 289 643 mum
333 603 470 655 ipsum
516 603 697 644 scribam
735 608 807 644 aut
845 604 1090 656 aequalem,
1139 605 1313 646 alterum
1354 606 1495 658 paullo
1538 604 1828 658 recentiorem,

176 681 202 709 a
241 681 322 721 quo
353 673 572 723 accentus,
614 670 783 723 spiritus
813 671 982 723 aliaque
1023 670 1229 712 eiusmodi
1265 672 1396 713 multa
1433 673 1572 724 posita
1609 676 1714 714 sunt.
1789 673 1830 714 in

177 736 366 787 margine
395 749 519 778 manu
550 737 686 790 prima
715 738 899 790 ascripta
920 741 1015 779 sunt
1048 737 1345 780 adnotamenta
1373 739 1491 780 uaria
1520 739 1662 791 qualia
1686 744 1831 781 extant

177 802 220 842 in
238 801 518 845 Laurentiano
540 807 580 844 et
597 803 821 857 Vatican03
843 804 929 845 alia
951 809 1180 846 memoratu
1202 805 1275 846 uix
1296 805 1425 858 digna
1445 805 1663 847 adnotauit
1683 819 1829 848 manus

177 869 323 909 altera.
389 869 476 911 iota
515 875 674 912 mutum
714 884 808 912 raro
848 871 1036 925 ponitur,
1076 876 1139 914 est
1176 872 1247 913 ubi
1288 885 1369 914 non
1408 871 1591 924 ascripto
1631 872 1705 914 sed
1737 873 1829 914 sub-

178 935 332 987 scripto
364 940 502 979 utatur
533 938 728 979 librarius
759 936 822 989 (ut
838 951 876 990 p.
901 940 966 990 62,
990 942 1012 978 5
1045 940 1244 992 scriptum
1276 943 1338 981 est
1369 935 1412 978 ἐν
1443 937 1663 993 μεταβολῇ
1693 940 1830 989 ποτε).

177 1017 198 1040 ν
239 999 545 1056 ἐφελκυστικὸν
591 1009 686 1046 ante
729 1009 1024 1046 consonantem
1064 1004 1246 1046 litteram
1290 1019 1383 1047 raro
1423 1005 1602 1058 ponitur.
1679 1006 1829 1058 partim

176 1068 347 1111 Niesius
380 1072 568 1124 contulit,
599 1072 751 1124 partim
781 1072 995 1124 Augustus
1025 1071 1136 1124 Mau,
1168 1072 1374 1125 quaedam
1407 1072 1537 1114 Iulius
1568 1071 1760 1114 Stender.

292 1151 328 1190 7.
377 1148 422 1190 O.
467 1148 603 1191 codex
647 1149 825 1191 Vrbinas
872 1148 1155 1191 bibliothecae
1193 1150 1424 1192 Vaticanae
1463 1151 1571 1192 inter
1610 1150 1831 1193 Vrbinates

178 1228 237 1268 gr.
270 1228 358 1257 nro.
383 1216 435 1256 84
465 1217 807 1258 membranaceus
840 1217 998 1258 saeculi
1019 1216 1081 1257 XI
1111 1217 1305 1258 foliorum
1327 1219 1402 1258 291
1439 1230 1521 1258 una
1551 1230 1676 1259 manu
1697 1218 1831 1260 nitide

178 1287 395 1336 exaratus;
446 1284 629 1336 paginae
677 1283 834 1324 habent
879 1284 1059 1325 tricenos
1099 1287 1237 1325 ternos
1277 1296 1434 1325 uersus.
1509 1283 1831 1336 praemittuntur

177 1350 352 1402 singulis
383 1349 502 1393 libris
532 1355 782 1403 argumenta
811 1363 949 1392 rerum
982 1363 1074 1392 cum
1105 1351 1289 1392 numeris
1327 1350 1493 1392 adiecto
1532 1350 1675 1404 titulo;
1715 1352 1832 1393 uelut

176 1420 273 1457 ante
304 1416 456 1458 librum
488 1416 524 1457 V
554 1417 707 1469 legitur
737 1416 842 1457 τάόε
884 1416 1024 1459 ἔνεστι
1055 1416 1276 1471 κεφάλαια
1314 1418 1391 1457 τοῦ
1421 1419 1440 1456 ἓ
1473 1415 1601 1470 λόγου
1632 1418 1707 1471 τῆς
1739 1416 1830 1458 ἰου-

178 1481 327 1538 ὀαϊκῆς
359 1479 579 1531 ἁλώσεως.
637 1484 884 1526 exciderunt
913 1488 1159 1537 argumenta
1189 1484 1284 1525 libri
1316 1483 1440 1537 primi
1472 1488 1513 1525 et
1543 1485 1829 1536 quaternionis

178 1550 289 1591 tertii
320 1551 468 1592 folium
500 1556 706 1603 octauum,
741 1552 780 1592 in
812 1565 893 1604 quo
926 1553 1089 1593 inerant
1118 1564 1157 1604 p.
1182 1553 1246 1602 54,
1276 1552 1324 1590 13
1356 1550 1427 1591 καὶ
1456 1547 1499 1590 ἐκ
1519 1551 1595 1606 τῆς
1616 1575 1661 1579 -
1692 1554 1829 1605 56,15

178 1615 551 1670 συνταράσσοντες
565 1618 618 1667 2),
673 1618 856 1670 denique
905 1619 994 1660 folii
1045 1618 1179 1659 ultimi
1225 1631 1321 1671 pars
1364 1618 1552 1659 abscissa
1596 1622 1669 1660 est.
1744 1620 1830 1661 iota

178 1688 335 1726 mutum
357 1698 450 1726 raro
473 1685 652 1737 ponitur,
685 1700 706 1724 ν
729 1682 1034 1739 ἐφελκυστικὸν
1054 1685 1141 1726 fere
1162 1698 1243 1727 non
1266 1690 1380 1726 extat
1410 1685 1489 1726 nisi
1520 1690 1616 1727 ante
1646 1686 1827 1728 uocales.

178 1752 220 1792 in
251 1751 440 1803 margine
462 1752 621 1805 appicti
644 1757 737 1794 sunt
757 1752 919 1794 numeri
939 1756 1289 1805 argumentorum,
1321 1765 1457 1793 rerum
1480 1751 1640 1794 indices
1659 1752 1828 1805 aliaque

175 1819 247 1859 uix
279 1818 590 1870 memorabilia3
633 1831 794 1871 paucae
836 1823 930 1860 sunt
967 1819 1112 1860 uariae
1152 1819 1375 1871 lectiones;
1416 1817 1578 1860 scholia
1614 1819 1756 1871 qualia
1786 1819 1828 1859 in

173 1884 269 1926 aliis
301 1888 457 1937 extant,
488 1885 541 1926 ab
573 1897 621 1926 eo
653 1885 741 1927 fere
762 1886 925 1927 absunt.
977 1886 1248 1927 memorabile
1278 1886 1404 1938 igitur
1426 1889 1488 1927 est
1518 1885 1630 1938 quod
1651 1885 1721 1926 fol.
1746 1887 1826 1925 215

175 1951 217 1992 in
247 1951 437 2004 margine
467 1952 521 1993 ad
552 1966 591 2005 p.
623 1953 716 2004 466,
749 1954 799 1993 20
832 1957 948 1994 extat
987 1956 1355 2005 tetragrammaton
1394 1951 1638 1994 hebraicum
1668 1952 1826 2005 pictum

173 2018 215 2058 in
247 2018 356 2060 hunc
386 2018 473 2060 fere
494 2019 663 2061 modum
683 2017 821 2060 ΠΠἾ.
872 2023 1081 2061 correctus
1103 2023 1165 2061 est
1192 2032 1218 2060 a
1248 2019 1424 2070 duobus,
1455 2019 1634 2073 primum
1655 2019 1709 2060 ab
1731 2019 1824 2072 ipso

173 2084 358 2138 librario,
391 2084 546 2127 deinde
567 2086 620 2127 ab
644 2087 728 2128 alio
760 2086 889 2128 multo
911 2087 1154 2128 recentiore.
1205 2085 1341 2128 codex
1362 2099 1414 2127 ex
1436 2098 1518 2139 quo
1540 2089 1728 2138 sumptus
1750 2089 1825 2138 est,

174 2164 303 2206 saepe
349 2153 606 2206 compendiis
652 2166 750 2195 usus
795 2166 887 2195 esse
933 2153 1118 2206 uidetur,
1164 2165 1247 2206 quo
1285 2151 1439 2194 factum
1480 2156 1560 2205 est,
1606 2157 1650 2193 ut
1688 2152 1825 2194 exitus

175 2220 390 2261 nominum
431 2220 639 2262 interdum
678 2221 893 2262 mutilatus
933 2221 998 2262 sit.
1052 2221 1122 2262 fol.
1154 2222 1234 2260 256
1265 2219 1319 2261 ad
1349 2220 1516 2261 V1312
1555 2220 1596 2260 in
1636 2219 1826 2272 margine

175 2286 371 2328 inferiore
412 2286 518 2328 haec
558 2291 701 2328 extant
739 2288 895 2340 scripta
934 2301 1059 2328 manu
1090 2287 1320 2329 recentiore
1350 2299 1459 2327 nunc
1488 2286 1639 2339 partim
1670 2286 1823 2327 recisa:

177 2367 250 2408 σηε
283 2348 357 2394 οὐκ
389 2348 535 2408 ἆμφίβ
555 2353 665 2402 *λος
695 2349 716 2394 ὁ
746 2351 941 2408 χρησμὸς
973 2343 1227 2401 α*>κτος-ι3
1261 2351 1310 2393 σὺ
1342 2366 1541 2405 wocara*
1572 2366 1619 2405 γε
1633 2353 1662 2401 3)
1694 2349 1825 2406 ἷώση-

175 2415 393 2461 πε-ἇλ**
419 2420 548 2476 δῆλος
577 2420 647 2460 καὶ
681 2417 825 2474 σαφὴς
856 2420 958 2473 περὶ
990 2421 1067 2461 τοῦ
1098 2417 1202 2472 ἐμοῦ
1234 2417 1449 2460 δεσπότου
1477 2419 1548 2459 καὶ
1579 2419 1712 2458 θεοῦ·
1746 2418 1825 2458 τοῦ

171 2488 370 2539 χριστοῦ·
399 2485 447 2528 ὃν
481 2486 532 2527 σὺ
564 2486 962 2542 παρεξιῃκούμενος·
996 2481 1322 2528 οἷέσπασιανὸν
1354 2483 1602 2539 {scelat-22¹5&
1630 2485 1683 2538 τῆ
1714 2500 1822 2537 προ-

174 2556 356 2608 φητεία·
406 2548 515 2595 ἀλλὰ
563 2551 643 2607 γὰρ
683 2550 704 2594 ὁ
744 2551 922 2605 χριστὸς
959 2552 1092 2605 μόνος
1127 2553 1362 2608 τηνικαῦτα
1398 2552 1469 2593 καὶ
1509 2553 1584 2605 τῆς
1622 2549 1823 2598 ἷουόαίας

289 2722 321 2760 1)
346 2719 428 2754 uide
452 2719 668 2753 bibliotheca
684 2718 883 2763 apostolica
899 2718 1084 2753 Vaticana.
1124 2718 1262 2754 codices
1287 2717 1520 2761 manuscripti
1536 2716 1654 2760 graeci
1671 2716 1824 2750 Palatini

174 2774 228 2808 ecl.
257 2774 300 2809 H.
321 2775 516 2810 Stevenson
542 2785 614 2810 sen.
651 2775 786 2809 Romae
813 2776 897 2808 1885
923 2785 956 2818 p.
988 2777 1061 2809 160.
1200 2776 1233 2815 2)
1260 2773 1346 2808 ordo
1371 2772 1537 2808 foliorum
1561 2772 1632 2806 illic
1657 2771 1823 2806 turbatus

173 2834 237 2872 est,
252 2841 330 2864 cum
345 2831 529 2874 quaternio
543 2830 669 2865 tertius
683 2832 764 2863 ante
779 2830 971 2864 secundum
987 2832 1099 2873 extet3
1115 2839 1223 2873 quare
1237 2829 1297 2864 fol.
1312 2831 1441 2863 16-23
1455 2831 1536 2872 post
1548 2827 1609 2862 fol.
1626 2829 1645 2861 8
1658 2826 1823 2871 ponenda

171 2888 281 2921 erant.
397 2889 429 2929 3)
454 2886 521 2920 fuit
544 2897 783 2932 τερατουργε.
