1987 3246
240 167 353 201 LXVI
968 164 1156 200 Praefatio.

241 295 333 323 cum
374 282 419 321 L.
485 284 526 322 et
571 291 824 331 quamquam
873 278 1010 319 nullus
1051 283 1166 320 extat
1205 280 1306 321 belli
1345 279 1506 322 Iudaici
1546 280 1663 321 locus
1702 279 1826 321 simul
1865 292 1891 321 a

241 347 372 389 Suida
410 351 451 388 et
489 347 531 387 in
564 345 784 398 Excerptis
824 343 1021 395 traditus,
1061 348 1198 387 tamen
1237 347 1342 388 sumi
1383 350 1521 400 potest
1552 345 1615 387 his
1648 346 1766 386 illum
1798 357 1889 387 esse

238 412 565 465 accensendum,
607 425 730 465 quem
770 411 939 465 quidem
979 411 1149 453 aliunde
1187 413 1341 455 scimus
1380 426 1506 466 saepe
1546 426 1663 455 usum
1696 424 1786 454 esse
1819 424 1888 454 ex-

239 480 392 532 cerptis
424 479 790 522 Constantinianis.

352 546 517 599 Agmen
563 546 732 590 claudat
763 544 952 585 Zonaras
967 546 1017 593 ¹),
1059 546 1130 598 qui
1161 545 1342 599 Iosepho
1380 560 1478 589 usus
1519 551 1581 588 est
1618 548 1692 588 tali
1723 547 1890 599 qualem

240 612 412 655 exhibet
437 613 573 656 codex
599 614 643 666 L,
678 626 857 667 quocum
887 613 975 654 fere
1007 625 1173 666 semper
1205 613 1458 655 concordare
1489 614 1602 656 uisus
1634 617 1695 656 est
1710 614 1761 665 2);
1793 626 1890 654 nam

239 679 447 722 interdum
484 681 669 723 narratio
701 681 789 722 eius
822 679 1029 722 eiusmodi
1061 683 1143 732 est,
1179 683 1225 721 ut
1263 679 1363 732 quid
1395 679 1589 722 habuerit
1620 684 1777 722 certum
1808 693 1890 722 non

237 747 313 800 sit,
353 760 432 790 nec
463 761 555 791 raro
586 747 811 801 Iosephum
851 747 1100 788 immutauit.
1169 760 1263 788 raro
1303 747 1356 788 ab
1392 747 1426 788 L
1465 746 1666 800 discedit,
1705 747 1889 789 maxime

239 826 288 856 eo
311 827 433 867 quem
457 816 542 857 iam
563 815 748 869 pluriens
771 814 955 856 diximus
976 814 1069 856 loco
1091 827 1131 868 p.
1155 815 1248 867 493,
1275 817 1337 867 17,
1360 814 1430 856 ubi
1453 815 1717 855 στασιασταὶ
1739 827 1888 867 suppe-

238 880 345 922 ditat
376 881 562 925 Zonaras
592 896 685 924 eum
719 881 750 924 C
773 881 954 923 Eusebio
988 885 1028 922 et
1058 880 1362 934 Hegesipp02‘).

1000 1017 1022 1063 ξ
1063 1018 1121 1056 15.

348 1106 414 1147 Ex
442 1106 502 1148 eis
534 1118 640 1158 quae
673 1103 886 1162 disputata
917 1108 1011 1146 sunt
1041 1109 1218 1158 apparet
1248 1105 1349 1147 satis
1380 1118 1576 1158 magnum
1607 1105 1707 1146 belli
1729 1104 1891 1146 Iudaici

237 1172 429 1214 codicum
468 1185 685 1214 numerum
724 1175 765 1213 et
803 1184 912 1213 nunc
947 1183 1167 1224 superesse
1198 1176 1239 1213 et
1268 1172 1497 1224 antiquitus
1528 1172 1669 1214 fuisse.
1719 1184 1815 1212 nam
1847 1175 1892 1212 ut

237 1240 275 1281 ei
314 1243 614 1292 memorentur,
657 1252 760 1292 quos
800 1238 968 1281 saeculo
1008 1238 1071 1280 XI
1108 1242 1179 1280 aut
1213 1238 1253 1279 X
1293 1239 1481 1280 extitisse
1519 1243 1590 1280 aut
1627 1238 1782 1280 seimus
1819 1242 1890 1279 aut

234 1307 444 1360 probabili
484 1306 724 1349 coniectura
762 1305 952 1347 diuinare
992 1319 1234 1359 possumus,
1279 1307 1458 1359 primum
1499 1306 1664 1358 generis
1704 1305 1889 1347 melioris

234 1378 401 1427 praeter
428 1374 460 1415 P
493 1378 533 1415 et
562 1373 599 1414 A
632 1373 834 1415 habemus
865 1373 1135 1426 Neapolitani
1166 1377 1379 1415 auctorem
1412 1377 1452 1414 et
1483 1385 1554 1414 eos
1586 1376 1681 1425 tres,
1715 1385 1768 1414 ex
1800 1373 1889 1425 qui-

235 1442 310 1482 bus
342 1441 441 1483 facti
472 1444 567 1483 sunt
602 1440 642 1481 M
674 1444 714 1482 et
741 1440 775 1480 L
807 1443 848 1482 et
878 1439 923 1492 C,
956 1440 1105 1492 quibus
1136 1438 1403 1481 adnumerari
1434 1443 1572 1492 potest
1600 1440 1648 1491 is,
1678 1452 1759 1492 quo
1791 1452 1889 1480 usus

234 1512 297 1549 est
318 1507 613 1549 Constantinus
636 1506 1037 1560 Porphyrogenitus.
1089 1506 1131 1547 hi
1154 1511 1247 1548 sunt
1269 1506 1435 1548 codices
1462 1520 1537 1549 sex
1567 1511 1639 1548 aut
1669 1510 1829 1560 septem
1844 1507 1889 1554 4).

235 1587 288 1616 ex
318 1574 596 1616 deterioribus
629 1573 831 1615 habemus
862 1574 1043 1626 primum
1074 1574 1253 1615 Romani
1283 1574 1514 1626 Lipsiensis
1547 1581 1588 1615 et
1619 1572 1890 1615 Laurentiani

239 1644 285 1682 17
319 1654 582 1684 communem
612 1644 846 1693 auctorem,
884 1639 1038 1682 deinde
1070 1639 1105 1680 V
1138 1645 1179 1682 et
1210 1654 1317 1693 eum,
1350 1641 1466 1682 cuius
1498 1641 1715 1693 quaternio
1747 1653 1889 1693 super-

234 1713 296 1751 est
335 1709 377 1749 in
408 1707 666 1750 Coisliniano
699 1708 800 1760 228,
843 1720 998 1760 eosque
1039 1720 1091 1749 ex
1131 1708 1282 1760 quibus
1319 1708 1541 1761 compositi
1573 1711 1667 1749 sunt
1697 1707 1738 1748 M
1770 1711 1811 1749 et
1841 1707 1887 1749 L.

233 1776 415 1828 denique
437 1775 623 1816 familiae
646 1774 676 1816 C
699 1774 866 1817 codices
893 1774 998 1816 duos
1029 1779 1101 1816 aut
1131 1780 1226 1817 tres.
1277 1774 1352 1817 sed
1383 1775 1524 1828 plures
1555 1775 1682 1816 fuisse
1714 1774 1888 1827 putandi

234 1846 349 1895 sunt3
387 1856 483 1883 nam
515 1842 819 1896 Neapolitanus
856 1845 917 1894 17,
950 1843 1127 1884 Vrbinas
1160 1842 1225 1895 85,
1258 1842 1499 1893 Vossianus,
1531 1841 1889 1894 Rostgaardianus

233 1910 446 1962 ceterique
469 1908 589 1950 huius
611 1909 790 1961 generis,
823 1922 1075 1961 quamquam
1100 1908 1270 1950 minime
1292 1921 1464 1950 necesse
1496 1913 1559 1950 est
1589 1922 1715 1950 unum
1746 1921 1887 1962 quem-

233 1988 315 2028 que
355 1989 474 2017 suum
517 1976 597 2017 sibi
637 1974 792 2017 habere
833 1980 1046 2017 auctorem
1085 1980 1294 2028 ueterem,
1342 1988 1395 2017 ex
1433 1976 1517 2017 illis
1558 1976 1636 2018 orti
1676 1988 1768 2017 esse
1805 1989 1888 2017 non

231 2046 424 2097 possent;
464 2055 594 2096 quare
633 2046 799 2095 praeter
839 2055 909 2084 eos
950 2044 1020 2095 qui
1059 2043 1279 2084 memorati
1318 2046 1412 2084 sunt
1451 2043 1545 2095 plus
1583 2055 1665 2084 uno
1697 2041 1887 2084 extitisse

232 2110 450 2163 probabile
482 2114 565 2162 est3
605 2114 720 2151 tanta
752 2113 813 2151 est
844 2109 1121 2151 recentiorum
1153 2109 1344 2151 codicum
1377 2110 1484 2150 inter
1514 2121 1559 2150 se
1591 2109 1885 2162 discrepantia.

344 2177 435 2219 Hac
474 2178 786 2230 computatione
825 2189 906 2218 non
946 2176 991 2217 id
1030 2177 1189 2230 agitur,
1230 2180 1275 2217 ut
1310 2180 1412 2228 quot
1439 2175 1596 2217 fuerint
1625 2176 1793 2218 saeculo
1824 2176 1886 2217 XI

230 2250 302 2287 aut
332 2245 373 2286 X
413 2244 581 2287 codices
620 2243 861 2296 indagetur,
902 2242 977 2285 sed
1017 2247 1062 2284 ut
1100 2243 1406 2285 demonstretur
1444 2256 1527 2284 non
1556 2256 1713 2296 paucos
1744 2243 1885 2285 fuisse.

230 2314 313 2354 iam
353 2325 452 2354 uero
494 2310 638 2366 primis
676 2324 716 2364 p.
759 2310 854 2352 Chr.
895 2311 1075 2353 saeculis
1112 2311 1240 2352 multo
1272 2311 1413 2363 plures
1445 2311 1634 2352 extitisse
1665 2309 1886 2363 probabile

231 2386 313 2434 est,
355 2379 399 2420 id
431 2378 544 2432 quod
575 2391 669 2420 cum
700 2377 795 2420 aliis
826 2379 950 2420 rebus
982 2377 1290 2420 demonstratur
1321 2381 1407 2418 tum
1439 2390 1488 2419 eo
1520 2377 1633 2430 quod
1664 2382 1748 2419 tam
1779 2379 1885 2418 anti-

230 2459 339 2499 quae
377 2450 472 2488 sunt
511 2444 702 2487 codicum
738 2444 1070 2498 discrepantiae3
1108 2445 1289 2498 primum
1321 2445 1431 2486 enim
1461 2444 1574 2498 apud
1606 2444 1886 2497 Porphyrium

229 2513 395 2566 generis
435 2512 546 2565 eius,
587 2511 699 2565 quod
739 2511 923 2554 deterius
960 2512 1293 2565 appellauimus,
1336 2510 1537 2553 habemus
1577 2510 1689 2552 haud
1726 2511 1886 2552 incerta

230 2581 431 2633 uestigia,
473 2592 555 2632 quo
595 2577 772 2620 efficitur
809 2591 892 2621 non
932 2570 990 2620 ita
1020 2580 1150 2621 multo
1180 2584 1276 2633 post
1306 2578 1477 2632 Iosephi
1507 2582 1689 2620 aetatem
1720 2578 1885 2618 initium

230 2647 392 2700 cepisse
414 2659 615 2699 generum
637 2645 940 2699 diuersitatem,
972 2645 1054 2688 hoc
1081 2650 1144 2688 est
1174 2659 1223 2688 eo
1254 2646 1341 2687 fere
1373 2650 1574 2699 tempore,
1607 2657 1688 2697 quo
1720 2644 1885 2685 fuerunt

287 2715 374 2774 —1)
397 2734 478 2767 uide
503 2742 611 2776 supra
636 2744 669 2776 p.
695 2732 828 2766 XXIII.
924 2736 955 2774 2)
983 2732 1064 2767 uide
1088 2743 1123 2776 p.
1151 2736 1226 2775 517,
1256 2736 1311 2776 113
1339 2736 1414 2774 549,
1444 2735 1501 2775 163
1528 2733 1604 2772 553,
1635 2734 1691 2774 123
1720 2733 1794 2772 559,
1821 2732 1882 2771 253

230 2791 305 2829 561,
326 2791 383 2830 18ς
410 2792 486 2829 562,
509 2792 546 2822 15
564 2801 572 2831 3
590 2791 666 2829 567,
690 2791 748 2831 123
775 2792 852 2831 567,
874 2790 928 2831 12;
949 2791 1023 2830 568,
1045 2791 1104 2832 11;
1126 2791 1176 2823 15.
1269 2790 1300 2830 3)
1325 2799 1359 2832 p.
1379 2791 1455 2829 568,
1475 2791 1493 2822 8
1518 2787 1636 2832 paullo
1663 2785 1806 2820 similior
1831 2788 1885 2819 est

228 2844 339 2878 codici
366 2844 392 2877 C
417 2853 521 2887 quam
547 2844 587 2877 L.
697 2847 730 2885 4)
754 2844 845 2878 ratio
871 2854 942 2877 non
966 2844 1088 2878 habita
1112 2847 1165 2878 est
1189 2853 1320 2885 eorum,
1347 2853 1390 2878 ex
1415 2844 1542 2887 quibus
1567 2842 1718 2877 correcti
1743 2844 1827 2875 sunt
1851 2840 1882 2873 L

228 2904 263 2934 et
287 2899 441 2935 Vrbinas
468 2902 507 2933 85
532 2899 627 2941 (uide
651 2908 759 2942 supra
784 2911 817 2943 p.
845 2899 991 2934 XXXV.
1017 2899 1116 2935 XLV
1132 2903 1209 2942 sq.).
