<?xml version="1.0" encoding="UTF-8"?>
<!DOCTYPE html PUBLIC "-//W3C//DTD XHTML 1.0 Transitional//EN"
    "http://www.w3.org/TR/xhtml1/DTD/xhtml1-transitional.dtd">
<html xmlns="http://www.w3.org/1999/xhtml" xml:lang="en" lang="en">
 <head>
  <title>
</title>
<meta http-equiv="Content-Type" content="text/html;charset=utf-8" />
  <meta name='ocr-system' content='tesseract 3.04.00' />
  <meta name='ocr-capabilities' content='ocr_page ocr_carea ocr_par ocr_line ocrx_word'/>
</head>
<body>
  <div class='ocr_page' id='page_1' title='image "./operajosephus06joseuoft_0020.png"; bbox 0 0 1987 3246; ppageno 0'>
   <div class='ocr_carea' id='block_1_1' title="bbox 245 141 1164 178">
    <p class='ocr_par' dir='ltr' id='par_1_1' title="bbox 245 141 1164 178">
     <span class='ocr_line' id='line_1_1' title="bbox 245 141 1164 178; baseline 0 -1"><span class='ocrx_word' id='word_1_1' title='bbox 245 143 331 178; x_wconf 92' lang='lat' dir='ltr'>XVI</span> <span class='ocrx_word' id='word_1_2' title='bbox 973 141 1164 177; x_wconf 80' lang='lat' dir='ltr'>Praefatio.</span> 
     </span>
    </p>
   </div>
   <div class='ocr_carea' id='block_1_2' title="bbox 243 252 1905 2918">
    <p class='ocr_par' dir='ltr' id='par_1_2' title="bbox 243 252 1904 776">
     <span class='ocr_line' id='line_1_2' title="bbox 243 252 1904 311; baseline 0.001 -16"><span class='ocrx_word' id='word_1_3' title='bbox 243 252 268 311; x_wconf 79' lang='grc' dir='ltr'>ἡ</span> <span class='ocrx_word' id='word_1_4' title='bbox 294 254 340 296; x_wconf 74' lang='grc' dir='ltr'>δὲ</span> <span class='ocrx_word' id='word_1_5' title='bbox 364 252 540 303; x_wconf 77' lang='grc' dir='ltr'>ἐκείνου,</span> <span class='ocrx_word' id='word_1_6' title='bbox 565 267 672 306; x_wconf 87' lang='lat' dir='ltr'>quae</span> <span class='ocrx_word' id='word_1_7' title='bbox 696 258 791 295; x_wconf 87' lang='lat' dir='ltr'>sunt</span> <span class='ocrx_word' id='word_1_8' title='bbox 813 266 852 307; x_wconf 93' lang='lat' dir='ltr'>p.</span> <span class='ocrx_word' id='word_1_9' title='bbox 872 255 966 305; x_wconf 82' lang='lat'><strong>576,</strong></span> <span class='ocrx_word' id='word_1_10' title='bbox 989 256 1026 295; x_wconf 90' lang='grc'>3.</span> <span class='ocrx_word' id='word_1_11' title='bbox 1059 254 1214 297; x_wconf 82' lang='lat' dir='ltr'>desinit</span> <span class='ocrx_word' id='word_1_12' title='bbox 1233 256 1303 298; x_wconf 86' lang='lat' dir='ltr'>fol.</span> <span class='ocrx_word' id='word_1_13' title='bbox 1324 258 1404 298; x_wconf 90' lang='lat'>267</span> <span class='ocrx_word' id='word_1_14' title='bbox 1428 254 1740 311; x_wconf 73' lang='grc' dir='ltr'>ἐστοχασάμην.</span> <span class='ocrx_word' id='word_1_15' title='bbox 1781 256 1904 305; x_wconf 75' lang='grc' dir='ltr'><em>τέλος</em></span> 
     </span>
     <span class='ocr_line' id='line_1_3' title="bbox 243 314 1900 378; baseline 0.001 -16"><span class='ocrx_word' id='word_1_16' title='bbox 243 323 318 375; x_wconf 77' lang='grc' dir='ltr'>τῆς</span> <span class='ocrx_word' id='word_1_17' title='bbox 350 317 554 368; x_wconf 77' lang='grc' dir='ltr'><em>ἁλώσεως</em></span> <span class='ocrx_word' id='word_1_18' title='bbox 586 314 799 373; x_wconf 76' lang='grc' dir='ltr'>ἰωσήπου.</span> <span class='ocrx_word' id='word_1_19' title='bbox 870 318 976 368; x_wconf 74' lang='grc' dir='ltr'><em>δόξα</em></span> <span class='ocrx_word' id='word_1_20' title='bbox 1014 321 1078 360; x_wconf 77' lang='grc' dir='ltr'>τῶ</span> <span class='ocrx_word' id='word_1_21' title='bbox 1118 321 1430 378; x_wconf 77' lang='grc' dir='ltr'><em>συνεργήσαντί</em></span> <span class='ocrx_word' id='word_1_22' title='bbox 1458 339 1535 376; x_wconf 82' lang='grc' dir='ltr'>μοι</span> <span class='ocrx_word' id='word_1_23' title='bbox 1566 325 1637 363; x_wconf 70' lang='grc' dir='ltr'>θῶ</span> <span class='ocrx_word' id='word_1_24' title='bbox 1672 317 1729 364; x_wconf 59' lang='grc' dir='ltr'>ὁι)</span> <span class='ocrx_word' id='word_1_25' title='bbox 1767 320 1900 374; x_wconf 76' lang='grc' dir='ltr'><em>εὐχῶν</em></span> 
     </span>
     <span class='ocr_line' id='line_1_4' title="bbox 243 385 1900 445; baseline 0.002 -18"><span class='ocrx_word' id='word_1_26' title='bbox 243 388 320 427; x_wconf 83' lang='grc' dir='ltr'>τοῦ</span> <span class='ocrx_word' id='word_1_27' title='bbox 341 386 510 439; x_wconf 72' lang='grc' dir='ltr'><strong><em>πατρός</em></strong></span> <span class='ocrx_word' id='word_1_28' title='bbox 531 401 613 438; x_wconf 81' lang='grc' dir='ltr'>μου</span> <span class='ocrx_word' id='word_1_29' title='bbox 635 386 705 427; x_wconf 78' lang='grc' dir='ltr'>καὶ</span> <span class='ocrx_word' id='word_1_30' title='bbox 728 401 787 426; x_wconf 69' lang='grc' dir='ltr'>τ*</span> <span class='ocrx_word' id='word_1_31' title='bbox 803 401 823 425; x_wconf 58' lang='lat' dir='ltr'>ss</span> <span class='ocrx_word' id='word_1_32' title='bbox 838 385 876 438; x_wconf 68' lang='lat' dir='ltr'>*l</span> <span class='ocrx_word' id='word_1_33' title='bbox 903 385 1076 441; x_wconf 80' lang='grc' dir='ltr'><em>ὄελφῶν</em></span> <span class='ocrx_word' id='word_1_34' title='bbox 1096 403 1180 439; x_wconf 82' lang='grc' dir='ltr'>μου</span> <span class='ocrx_word' id='word_1_35' title='bbox 1203 390 1437 444; x_wconf 74' lang='grc' dir='ltr'><em>πληρῶσαι</em></span> <span class='ocrx_word' id='word_1_36' title='bbox 1453 388 1612 444; x_wconf 76' lang='grc' dir='ltr'><em>ταύτην</em></span> <span class='ocrx_word' id='word_1_37' title='bbox 1634 387 1711 445; x_wconf 80' lang='grc' dir='ltr'>τὴν</span> <span class='ocrx_word' id='word_1_38' title='bbox 1732 389 1900 443; x_wconf 75' lang='grc' dir='ltr'>βίβλον.</span> 
     </span>
     <span class='ocr_line' id='line_1_5' title="bbox 246 453 1902 510; baseline 0.002 -15"><span class='ocrx_word' id='word_1_39' title='bbox 246 453 596 506; x_wconf 80' lang='lat' dir='ltr'>subscriptionem</span> <span class='ocrx_word' id='word_1_40' title='bbox 628 454 799 496; x_wconf 90' lang='lat' dir='ltr'>iterauit</span> <span class='ocrx_word' id='word_1_41' title='bbox 831 467 979 496; x_wconf 90' lang='lat' dir='ltr'>manus</span> <span class='ocrx_word' id='word_1_42' title='bbox 1011 455 1167 497; x_wconf 86' lang='lat' dir='ltr'>saeculi</span> <span class='ocrx_word' id='word_1_43' title='bbox 1199 455 1285 497; x_wconf 89' lang='lat' dir='ltr'>fere</span> <span class='ocrx_word' id='word_1_44' title='bbox 1306 456 1384 498; x_wconf 92' lang='lat' dir='ltr'>XV</span> <span class='ocrx_word' id='word_1_45' title='bbox 1406 458 1573 510; x_wconf 87' lang='lat' dir='ltr'>aliaque</span> <span class='ocrx_word' id='word_1_46' title='bbox 1605 457 1762 500; x_wconf 87' lang='lat' dir='ltr'>adiecit</span> <span class='ocrx_word' id='word_1_47' title='bbox 1791 457 1902 499; x_wconf 89' lang='lat' dir='ltr'>lectu</span> 
     </span>
     <span class='ocr_line' id='line_1_6' title="bbox 245 519 1900 577; baseline 0.002 -15"><span class='ocrx_word' id='word_1_48' title='bbox 245 519 528 574; x_wconf 87' lang='lat' dir='ltr'>perdifficilia.</span> <span class='ocrx_word' id='word_1_49' title='bbox 589 521 766 573; x_wconf 89' lang='lat' dir='ltr'>singulis</span> <span class='ocrx_word' id='word_1_50' title='bbox 798 521 916 563; x_wconf 88' lang='lat' dir='ltr'>libris</span> <span class='ocrx_word' id='word_1_51' title='bbox 946 522 1180 575; x_wconf 87' lang='lat' dir='ltr'>praemissa</span> <span class='ocrx_word' id='word_1_52' title='bbox 1209 527 1304 565; x_wconf 86' lang='lat' dir='ltr'>sunt</span> <span class='ocrx_word' id='word_1_53' title='bbox 1333 529 1581 577; x_wconf 89' lang='lat' dir='ltr'>argumenta</span> <span class='ocrx_word' id='word_1_54' title='bbox 1619 523 1795 566; x_wconf 86' lang='lat' dir='ltr'>adiectis</span> <span class='ocrx_word' id='word_1_55' title='bbox 1827 536 1900 565; x_wconf 89' lang='lat' dir='ltr'>nu-</span> 
     </span>
     <span class='ocr_line' id='line_1_7' title="bbox 245 587 1903 643; baseline 0.002 -14"><span class='ocrx_word' id='word_1_56' title='bbox 245 587 386 640; x_wconf 89' lang='lat' dir='ltr'>meris,</span> <span class='ocrx_word' id='word_1_57' title='bbox 409 587 481 640; x_wconf 91' lang='lat' dir='ltr'>qui</span> <span class='ocrx_word' id='word_1_58' title='bbox 502 587 635 629; x_wconf 84' lang='lat' dir='ltr'>textui</span> <span class='ocrx_word' id='word_1_59' title='bbox 657 600 824 640; x_wconf 88' lang='lat' dir='ltr'>quoque</span> <span class='ocrx_word' id='word_1_60' title='bbox 845 588 1017 641; x_wconf 81' lang='lat' dir='ltr'>ascripti</span> <span class='ocrx_word' id='word_1_61' title='bbox 1039 593 1144 630; x_wconf 89' lang='lat' dir='ltr'>sunt.</span> <span class='ocrx_word' id='word_1_62' title='bbox 1195 589 1237 630; x_wconf 88' lang='lat' dir='ltr'>in</span> <span class='ocrx_word' id='word_1_63' title='bbox 1259 591 1448 643; x_wconf 81' lang='lat' dir='ltr'>margine</span> <span class='ocrx_word' id='word_1_64' title='bbox 1469 594 1613 632; x_wconf 80' lang='lat' dir='ltr'><strong>extant</strong></span> <span class='ocrx_word' id='word_1_65' title='bbox 1634 590 1745 632; x_wconf 91' lang='lat' dir='ltr'>haud</span> <span class='ocrx_word' id='word_1_66' title='bbox 1767 603 1903 643; x_wconf 89' lang='lat' dir='ltr'>pauca</span> 
     </span>
     <span class='ocr_line' id='line_1_8' title="bbox 244 654 1901 708; baseline 0.002 -12"><span class='ocrx_word' id='word_1_67' title='bbox 244 654 556 707; x_wconf 87' lang='lat' dir='ltr'>adnotamenta,</span> <span class='ocrx_word' id='word_1_68' title='bbox 587 655 816 707; x_wconf 78' lang='lat' dir='ltr'>praecipue</span> <span class='ocrx_word' id='word_1_69' title='bbox 847 655 1219 708; x_wconf 88' lang='lat' dir='ltr'>interpretamenta</span> <span class='ocrx_word' id='word_1_70' title='bbox 1249 661 1290 697; x_wconf 89' lang='lat' dir='ltr'>et</span> <span class='ocrx_word' id='word_1_71' title='bbox 1321 656 1481 699; x_wconf 89' lang='lat' dir='ltr'>indices</span> <span class='ocrx_word' id='word_1_72' title='bbox 1511 669 1660 700; x_wconf 90' lang='lat' dir='ltr'>rerum.</span> <span class='ocrx_word' id='word_1_73' title='bbox 1712 656 1901 699; x_wconf 85' lang='lat' dir='ltr'>codicem</span> 
     </span>
     <span class='ocr_line' id='line_1_9' title="bbox 243 721 1730 776; baseline 0.001 -13"><span class='ocrx_word' id='word_1_74' title='bbox 243 721 513 774; x_wconf 86' lang='lat' dir='ltr'>Marburgum</span> <span class='ocrx_word' id='word_1_75' title='bbox 545 721 833 763; x_wconf 87' lang='lat' dir='ltr'>transmissum</span> <span class='ocrx_word' id='word_1_76' title='bbox 864 723 1048 776; x_wconf 81' lang='lat' dir='ltr'>inspexit</span> <span class='ocrx_word' id='word_1_77' title='bbox 1079 722 1248 765; x_wconf 89' lang='lat' dir='ltr'>Niesius</span> <span class='ocrx_word' id='word_1_78' title='bbox 1280 727 1321 764; x_wconf 92' lang='lat' dir='ltr'>et</span> <span class='ocrx_word' id='word_1_79' title='bbox 1350 728 1513 776; x_wconf 88' lang='lat' dir='ltr'>partem</span> <span class='ocrx_word' id='word_1_80' title='bbox 1544 724 1730 766; x_wconf 87' lang='lat' dir='ltr'>contulit.</span> 
     </span>
    </p>

    <p class='ocr_par' dir='ltr' id='par_1_3' title="bbox 243 787 1905 1110">
     <span class='ocr_line' id='line_1_10' title="bbox 364 787 1905 841; baseline 0.002 -13"><span class='ocrx_word' id='word_1_81' title='bbox 364 788 426 828; x_wconf 90' lang='lat'>19.</span> <span class='ocrx_word' id='word_1_82' title='bbox 471 787 607 829; x_wconf 85' lang='lat' dir='ltr'>codex</span> <span class='ocrx_word' id='word_1_83' title='bbox 637 787 850 831; x_wconf 85' lang='lat' dir='ltr'>Parisinus</span> <span class='ocrx_word' id='word_1_84' title='bbox 872 802 931 841; x_wconf 90' lang='lat' dir='ltr'>gr.</span> <span class='ocrx_word' id='word_1_85' title='bbox 964 802 1051 831; x_wconf 88' lang='lat' dir='ltr'>nro.</span> <span class='ocrx_word' id='word_1_86' title='bbox 1077 790 1183 830; x_wconf 80' lang='lat'>1428</span> <span class='ocrx_word' id='word_1_87' title='bbox 1215 789 1460 832; x_wconf 82' lang='lat' dir='ltr'>chartaceus</span> <span class='ocrx_word' id='word_1_88' title='bbox 1491 790 1648 833; x_wconf 88' lang='lat' dir='ltr'>saeculi</span> <span class='ocrx_word' id='word_1_89' title='bbox 1676 790 1764 832; x_wconf 88' lang='lat' dir='ltr'>fere</span> <span class='ocrx_word' id='word_1_90' title='bbox 1802 788 1905 831; x_wconf 91' lang='lat' dir='ltr'>XIV</span> 
     </span>
     <span class='ocr_line' id='line_1_11' title="bbox 250 854 1904 910; baseline 0.001 -13"><span class='ocrx_word' id='word_1_91' title='bbox 250 855 437 897; x_wconf 87' lang='lat' dir='ltr'>continet</span> <span class='ocrx_word' id='word_1_92' title='bbox 463 854 563 896; x_wconf 92' lang='lat' dir='ltr'>belli</span> <span class='ocrx_word' id='word_1_93' title='bbox 585 854 747 896; x_wconf 78' lang='lat' dir='ltr'>IudaIci</span> <span class='ocrx_word' id='word_1_94' title='bbox 779 856 907 897; x_wconf 87' lang='lat' dir='ltr'>libros</span> <span class='ocrx_word' id='word_1_95' title='bbox 930 855 1008 897; x_wconf 92' lang='lat' dir='ltr'>VII</span> <span class='ocrx_word' id='word_1_96' title='bbox 1030 856 1070 897; x_wconf 91' lang='lat' dir='ltr'>in</span> <span class='ocrx_word' id='word_1_97' title='bbox 1099 856 1212 899; x_wconf 89' lang='lat' dir='ltr'>foliis</span> <span class='ocrx_word' id='word_1_98' title='bbox 1238 858 1414 910; x_wconf 83' lang='lat'><strong>1—162,</strong></span> <span class='ocrx_word' id='word_1_99' title='bbox 1445 857 1599 902; x_wconf 87' lang='lat' dir='ltr'>deinde</span> <span class='ocrx_word' id='word_1_100' title='bbox 1620 856 1795 898; x_wconf 87' lang='lat' dir='ltr'>Luciani</span> <span class='ocrx_word' id='word_1_101' title='bbox 1816 856 1904 898; x_wconf 88' lang='lat' dir='ltr'>dia-</span> 
     </span>
     <span class='ocr_line' id='line_1_12' title="bbox 243 921 1903 977; baseline 0 -13"><span class='ocrx_word' id='word_1_102' title='bbox 243 922 365 974; x_wconf 80' lang='lat' dir='ltr'>logos</span> <span class='ocrx_word' id='word_1_103' title='bbox 396 921 567 974; x_wconf 83' lang='lat' dir='ltr'>aliquot.</span> <span class='ocrx_word' id='word_1_104' title='bbox 629 922 815 974; x_wconf 87' lang='lat' dir='ltr'>singulos</span> <span class='ocrx_word' id='word_1_105' title='bbox 855 922 1026 976; x_wconf 88' lang='lat' dir='ltr'>Iosephi</span> <span class='ocrx_word' id='word_1_106' title='bbox 1064 924 1194 965; x_wconf 91' lang='lat' dir='ltr'>libros</span> <span class='ocrx_word' id='word_1_107' title='bbox 1232 928 1482 976; x_wconf 85' lang='lat' dir='ltr'>argumenta</span> <span class='ocrx_word' id='word_1_108' title='bbox 1520 923 1790 977; x_wconf 86' lang='lat' dir='ltr'>praecedunt.</span> <span class='ocrx_word' id='word_1_109' title='bbox 1862 924 1903 964; x_wconf 92' lang='lat' dir='ltr'>in</span> 
     </span>
     <span class='ocr_line' id='line_1_13' title="bbox 245 988 1901 1044; baseline 0.001 -14"><span class='ocrx_word' id='word_1_110' title='bbox 245 988 434 1042; x_wconf 85' lang='lat' dir='ltr'>margine</span> <span class='ocrx_word' id='word_1_111' title='bbox 457 992 602 1030; x_wconf 82' lang='lat' dir='ltr'>extant</span> <span class='ocrx_word' id='word_1_112' title='bbox 621 988 926 1031; x_wconf 87' lang='lat' dir='ltr'>adnotationes.</span> <span class='ocrx_word' id='word_1_113' title='bbox 968 989 1023 1031; x_wconf 89' lang='lat' dir='ltr'>ad</span> <span class='ocrx_word' id='word_1_114' title='bbox 1046 990 1079 1031; x_wconf 93' lang='lat' dir='ltr'>V</span> <span class='ocrx_word' id='word_1_115' title='bbox 1097 992 1177 1031; x_wconf 84' lang='lat'>235</span> <span class='ocrx_word' id='word_1_116' title='bbox 1199 991 1426 1044; x_wconf 86' lang='lat' dir='ltr'>ascriptum</span> <span class='ocrx_word' id='word_1_117' title='bbox 1445 994 1508 1032; x_wconf 86' lang='lat' dir='ltr'>est</span> <span class='ocrx_word' id='word_1_118' title='bbox 1529 994 1901 1043; x_wconf 84' lang='lat' dir='ltr'>tetragrammaton</span> 
     </span>
     <span class='ocr_line' id='line_1_14' title="bbox 245 1054 1544 1110; baseline 0.002 -14"><span class='ocrx_word' id='word_1_119' title='bbox 245 1054 488 1098; x_wconf 86' lang='lat' dir='ltr'>hebraicum</span> <span class='ocrx_word' id='word_1_120' title='bbox 519 1054 668 1097; x_wconf 87' lang='lat' dir='ltr'>eodem</span> <span class='ocrx_word' id='word_1_121' title='bbox 700 1056 823 1098; x_wconf 92' lang='lat' dir='ltr'>modo</span> <span class='ocrx_word' id='word_1_122' title='bbox 856 1069 938 1109; x_wconf 90' lang='lat' dir='ltr'>quo</span> <span class='ocrx_word' id='word_1_123' title='bbox 970 1057 1010 1098; x_wconf 92' lang='lat' dir='ltr'>in</span> <span class='ocrx_word' id='word_1_124' title='bbox 1041 1056 1085 1099; x_wconf 80' lang='lat' dir='ltr'>O.</span> <span class='ocrx_word' id='word_1_125' title='bbox 1146 1057 1315 1099; x_wconf 88' lang='lat' dir='ltr'>Niesius</span> <span class='ocrx_word' id='word_1_126' title='bbox 1347 1058 1544 1110; x_wconf 86' lang='lat' dir='ltr'>inspexit.</span> 
     </span>
    </p>

    <p class='ocr_par' dir='ltr' id='par_1_4' title="bbox 244 1122 1904 2918">
     <span class='ocr_line' id='line_1_15' title="bbox 360 1122 1903 1176; baseline 0.003 -14"><span class='ocrx_word' id='word_1_127' title='bbox 360 1124 426 1164; x_wconf 84' lang='lat'>20.</span> <span class='ocrx_word' id='word_1_128' title='bbox 469 1122 605 1165; x_wconf 87' lang='lat' dir='ltr'>codex</span> <span class='ocrx_word' id='word_1_129' title='bbox 646 1123 860 1165; x_wconf 87' lang='lat' dir='ltr'>Parisinus</span> <span class='ocrx_word' id='word_1_130' title='bbox 893 1137 951 1176; x_wconf 87' lang='lat' dir='ltr'>gr.</span> <span class='ocrx_word' id='word_1_131' title='bbox 987 1125 1092 1165; x_wconf 86' lang='lat'><strong>1429</strong></span> <span class='ocrx_word' id='word_1_132' title='bbox 1135 1124 1292 1165; x_wconf 90' lang='lat' dir='ltr'>saeculi</span> <span class='ocrx_word' id='word_1_133' title='bbox 1332 1124 1420 1166; x_wconf 87' lang='lat' dir='ltr'>fere</span> <span class='ocrx_word' id='word_1_134' title='bbox 1451 1124 1514 1165; x_wconf 90' lang='lat' dir='ltr'>XI</span> <span class='ocrx_word' id='word_1_135' title='bbox 1544 1124 1903 1176; x_wconf 84' lang='lat' dir='ltr'>membranaceus,</span> 
     </span>
     <span class='ocr_line' id='line_1_16' title="bbox 245 1189 1901 1244; baseline 0.001 -14"><span class='ocrx_word' id='word_1_136' title='bbox 245 1189 416 1231; x_wconf 88' lang='lat' dir='ltr'>mutilus</span> <span class='ocrx_word' id='word_1_137' title='bbox 448 1193 490 1231; x_wconf 90' lang='lat' dir='ltr'>et</span> <span class='ocrx_word' id='word_1_138' title='bbox 517 1190 659 1231; x_wconf 85' lang='lat' dir='ltr'>multis</span> <span class='ocrx_word' id='word_1_139' title='bbox 691 1190 794 1232; x_wconf 88' lang='lat' dir='ltr'>locis</span> <span class='ocrx_word' id='word_1_140' title='bbox 826 1194 911 1231; x_wconf 86' lang='lat' dir='ltr'>tam</span> <span class='ocrx_word' id='word_1_141' title='bbox 942 1189 1138 1242; x_wconf 86' lang='lat' dir='ltr'>detritus,</span> <span class='ocrx_word' id='word_1_142' title='bbox 1180 1195 1223 1232; x_wconf 90' lang='lat' dir='ltr'>ut</span> <span class='ocrx_word' id='word_1_143' title='bbox 1262 1191 1427 1233; x_wconf 87' lang='lat' dir='ltr'>litterae</span> <span class='ocrx_word' id='word_1_144' title='bbox 1466 1203 1601 1244; x_wconf 87' lang='lat' dir='ltr'>paene</span> <span class='ocrx_word' id='word_1_145' title='bbox 1642 1191 1901 1233; x_wconf 88' lang='lat' dir='ltr'>euanuerint.</span> 
     </span>
     <span class='ocr_line' id='line_1_17' title="bbox 246 1256 1902 1311; baseline 0.001 -14"><span class='ocrx_word' id='word_1_146' title='bbox 246 1256 386 1298; x_wconf 89' lang='lat' dir='ltr'>insunt</span> <span class='ocrx_word' id='word_1_147' title='bbox 408 1257 450 1297; x_wconf 90' lang='lat' dir='ltr'>in</span> <span class='ocrx_word' id='word_1_148' title='bbox 472 1269 521 1298; x_wconf 92' lang='lat' dir='ltr'>eo</span> <span class='ocrx_word' id='word_1_149' title='bbox 544 1256 640 1298; x_wconf 92' lang='lat' dir='ltr'>libri</span> <span class='ocrx_word' id='word_1_150' title='bbox 662 1257 703 1298; x_wconf 90' lang='lat' dir='ltr'>II</span> <span class='ocrx_word' id='word_1_151' title='bbox 724 1261 765 1298; x_wconf 85' lang='lat' dir='ltr'>et</span> <span class='ocrx_word' id='word_1_152' title='bbox 785 1257 842 1299; x_wconf 93' lang='lat' dir='ltr'>IV</span> <span class='ocrx_word' id='word_1_153' title='bbox 863 1262 1004 1310; x_wconf 88' lang='lat' dir='ltr'>partes</span> <span class='ocrx_word' id='word_1_154' title='bbox 1029 1262 1223 1311; x_wconf 89' lang='lat' dir='ltr'>totusque</span> <span class='ocrx_word' id='word_1_155' title='bbox 1244 1258 1352 1299; x_wconf 87' lang='lat' dir='ltr'>liber</span> <span class='ocrx_word' id='word_1_156' title='bbox 1372 1258 1434 1299; x_wconf 94' lang='grc' dir='ltr'>ΙΙΙ</span> <span class='ocrx_word' id='word_1_157' title='bbox 1456 1257 1536 1300; x_wconf 90' lang='lat' dir='ltr'>hoc</span> <span class='ocrx_word' id='word_1_158' title='bbox 1558 1257 1722 1300; x_wconf 90' lang='lat' dir='ltr'>ordine:</span> <span class='ocrx_word' id='word_1_159' title='bbox 1754 1271 1795 1311; x_wconf 92' lang='lat' dir='ltr'>p.</span> <span class='ocrx_word' id='word_1_160' title='bbox 1821 1261 1854 1299; x_wconf 94' lang='lat'>1.</span> <span class='ocrx_word' id='word_1_161' title='bbox 1878 1259 1902 1298; x_wconf 87' lang='lat'>2</span> 
     </span>
     <span class='ocr_line' id='line_1_18' title="bbox 246 1322 1904 1378; baseline 0.002 -15"><span class='ocrx_word' id='word_1_162' title='bbox 246 1324 347 1376; x_wconf 78' lang='grc' dir='ltr'><em>γοῦν</em></span> <span class='ocrx_word' id='word_1_163' title='bbox 369 1322 547 1375; x_wconf 73' lang='grc' dir='ltr'><em>πλῆθος</em></span> <span class='ocrx_word' id='word_1_164' title='bbox 567 1326 623 1377; x_wconf 87' lang='lat' dir='ltr'>(p.</span> <span class='ocrx_word' id='word_1_165' title='bbox 650 1326 741 1377; x_wconf 84' lang='lat'><strong>162,</strong></span> <span class='ocrx_word' id='word_1_166' title='bbox 767 1326 834 1373; x_wconf 90' lang='grc'>16)</span> <span class='ocrx_word' id='word_1_167' title='bbox 856 1346 910 1352; x_wconf 90' lang='grc'>--</span> <span class='ocrx_word' id='word_1_168' title='bbox 932 1326 1080 1376; x_wconf 79' lang='grc' dir='ltr'><em>Σίμων</em></span> <span class='ocrx_word' id='word_1_169' title='bbox 1101 1339 1167 1372; x_wconf 77' lang='grc' dir='ltr'>τις</span> <span class='ocrx_word' id='word_1_170' title='bbox 1189 1324 1246 1378; x_wconf 81' lang='lat' dir='ltr'>(p.</span> <span class='ocrx_word' id='word_1_171' title='bbox 1275 1326 1365 1378; x_wconf 81' lang='grc'><strong>165,</strong></span> <span class='ocrx_word' id='word_1_172' title='bbox 1396 1327 1479 1375; x_wconf 69' lang='grc'><strong>10),</strong></span> <span class='ocrx_word' id='word_1_173' title='bbox 1507 1324 1629 1367; x_wconf 82' lang='lat' dir='ltr'>huius</span> <span class='ocrx_word' id='word_1_174' title='bbox 1651 1329 1791 1366; x_wconf 82' lang='lat' dir='ltr'>tamen</span> <span class='ocrx_word' id='word_1_175' title='bbox 1812 1325 1904 1367; x_wconf 85' lang='lat' dir='ltr'>folii</span> 
     </span>
     <span class='ocr_line' id='line_1_19' title="bbox 245 1389 1902 1445; baseline -0.001 -13"><span class='ocrx_word' id='word_1_176' title='bbox 245 1403 344 1443; x_wconf 83' lang='lat' dir='ltr'>pars</span> <span class='ocrx_word' id='word_1_177' title='bbox 377 1390 548 1432; x_wconf 88' lang='lat' dir='ltr'>inferior</span> <span class='ocrx_word' id='word_1_178' title='bbox 578 1391 766 1434; x_wconf 88' lang='lat' dir='ltr'>abscissa</span> <span class='ocrx_word' id='word_1_179' title='bbox 797 1397 872 1442; x_wconf 69' lang='lat' dir='ltr'>est,</span> <span class='ocrx_word' id='word_1_180' title='bbox 904 1396 949 1433; x_wconf 92' lang='lat' dir='ltr'>ut</span> <span class='ocrx_word' id='word_1_181' title='bbox 981 1392 1111 1434; x_wconf 85' lang='lat' dir='ltr'>uerba</span> <span class='ocrx_word' id='word_1_182' title='bbox 1142 1389 1244 1444; x_wconf 72' lang='grc' dir='ltr'>ἔργα</span> <span class='ocrx_word' id='word_1_183' title='bbox 1277 1394 1332 1445; x_wconf 92' lang='lat' dir='ltr'>(p.</span> <span class='ocrx_word' id='word_1_184' title='bbox 1359 1393 1450 1445; x_wconf 88' lang='grc'><strong>163,</strong></span> <span class='ocrx_word' id='word_1_185' title='bbox 1476 1395 1615 1438; x_wconf 88' lang='grc'><strong>15)-</strong></span> <span class='ocrx_word' id='word_1_186' title='bbox 1640 1390 1902 1432; x_wconf 70' lang='grc' dir='ltr'><em>σκεόασθέν-</em></span> 
     </span>
     <span class='ocr_line' id='line_1_20' title="bbox 246 1456 1904 1512; baseline 0.002 -16"><span class='ocrx_word' id='word_1_187' title='bbox 246 1472 333 1498; x_wconf 79' lang='grc' dir='ltr'>των</span> <span class='ocrx_word' id='word_1_188' title='bbox 363 1459 419 1511; x_wconf 92' lang='lat' dir='ltr'>(p.</span> <span class='ocrx_word' id='word_1_189' title='bbox 456 1459 547 1510; x_wconf 88' lang='lat'><strong>163,</strong></span> <span class='ocrx_word' id='word_1_190' title='bbox 577 1458 644 1507; x_wconf 83' lang='lat'>22)</span> <span class='ocrx_word' id='word_1_191' title='bbox 677 1463 717 1499; x_wconf 87' lang='lat' dir='ltr'>et</span> <span class='ocrx_word' id='word_1_192' title='bbox 745 1456 935 1509; x_wconf 78' lang='grc' dir='ltr'><em>μάχοντο</em></span> <span class='ocrx_word' id='word_1_193' title='bbox 967 1460 1022 1512; x_wconf 93' lang='lat' dir='ltr'>(p.</span> <span class='ocrx_word' id='word_1_194' title='bbox 1059 1460 1150 1511; x_wconf 84' lang='lat'><strong>165,</strong></span> <span class='ocrx_word' id='word_1_195' title='bbox 1183 1461 1222 1505; x_wconf 84' lang='grc'>3)</span> <span class='ocrx_word' id='word_1_196' title='bbox 1255 1482 1306 1487; x_wconf 82' lang='lat'>——</span> <span class='ocrx_word' id='word_1_197' title='bbox 1338 1472 1403 1505; x_wconf 79' lang='grc' dir='ltr'>τις</span> <span class='ocrx_word' id='word_1_198' title='bbox 1435 1461 1489 1511; x_wconf 77' lang='lat' dir='ltr'>(p.</span> <span class='ocrx_word' id='word_1_199' title='bbox 1525 1460 1615 1510; x_wconf 85' lang='lat'><strong>165,</strong></span> <span class='ocrx_word' id='word_1_200' title='bbox 1642 1460 1707 1506; x_wconf 85' lang='lat'>10)</span> <span class='ocrx_word' id='word_1_201' title='bbox 1736 1463 1904 1511; x_wconf 88' lang='lat' dir='ltr'>praeter</span> 
     </span>
     <span class='ocr_line' id='line_1_21' title="bbox 248 1521 1900 1579; baseline -0.001 -13"><span class='ocrx_word' id='word_1_202' title='bbox 248 1537 406 1577; x_wconf 86' lang='lat' dir='ltr'>paucas</span> <span class='ocrx_word' id='word_1_203' title='bbox 437 1524 638 1577; x_wconf 88' lang='lat' dir='ltr'>reliquias</span> <span class='ocrx_word' id='word_1_204' title='bbox 669 1538 751 1567; x_wconf 89' lang='lat' dir='ltr'>non</span> <span class='ocrx_word' id='word_1_205' title='bbox 783 1530 937 1567; x_wconf 87' lang='lat' dir='ltr'>extent.</span> <span class='ocrx_word' id='word_1_206' title='bbox 1001 1539 1041 1579; x_wconf 89' lang='lat' dir='ltr'>p.</span> <span class='ocrx_word' id='word_1_207' title='bbox 1074 1526 1210 1566; x_wconf 85' lang='lat'><strong>3—12</strong></span> <span class='ocrx_word' id='word_1_208' title='bbox 1241 1527 1399 1577; x_wconf 71' lang='grc' dir='ltr'><em>μέρους</em></span> <span class='ocrx_word' id='word_1_209' title='bbox 1431 1521 1544 1565; x_wconf 73' lang='grc' dir='ltr'><em>εἶκον</em></span> <span class='ocrx_word' id='word_1_210' title='bbox 1576 1531 1629 1578; x_wconf 78' lang='lat' dir='ltr'>(p.</span> <span class='ocrx_word' id='word_1_211' title='bbox 1662 1526 1755 1577; x_wconf 82' lang='lat'><strong>233,</strong></span> <span class='ocrx_word' id='word_1_212' title='bbox 1779 1525 1818 1574; x_wconf 86' lang='lat'>2)</span> <span class='ocrx_word' id='word_1_213' title='bbox 1853 1546 1900 1552; x_wconf 89' lang='lat'>—</span> 
     </span>
     <span class='ocr_line' id='line_1_22' title="bbox 248 1587 1902 1645; baseline 0.001 -14"><span class='ocrx_word' id='word_1_214' title='bbox 248 1588 403 1632; x_wconf 72' lang='grc' dir='ltr'><em>ἔπειτα</em></span> <span class='ocrx_word' id='word_1_215' title='bbox 442 1593 496 1644; x_wconf 89' lang='lat' dir='ltr'>(p.</span> <span class='ocrx_word' id='word_1_216' title='bbox 529 1593 623 1643; x_wconf 91' lang='lat'><strong>246,</strong></span> <span class='ocrx_word' id='word_1_217' title='bbox 659 1593 744 1644; x_wconf 75' lang='grc'><strong>12),</strong></span> <span class='ocrx_word' id='word_1_218' title='bbox 784 1606 823 1645; x_wconf 91' lang='lat' dir='ltr'>p.</span> <span class='ocrx_word' id='word_1_219' title='bbox 860 1593 1021 1633; x_wconf 85' lang='lat'><strong>13—14</strong></span> <span class='ocrx_word' id='word_1_220' title='bbox 1059 1600 1153 1640; x_wconf 81' lang='grc' dir='ltr'><em>τοῖς</em></span> <span class='ocrx_word' id='word_1_221' title='bbox 1193 1587 1342 1640; x_wconf 75' lang='grc' dir='ltr'><em>ἄλλοις</em></span> <span class='ocrx_word' id='word_1_222' title='bbox 1378 1594 1435 1645; x_wconf 84' lang='lat' dir='ltr'>(p.</span> <span class='ocrx_word' id='word_1_223' title='bbox 1471 1593 1562 1644; x_wconf 89' lang='lat'><strong>176,</strong></span> <span class='ocrx_word' id='word_1_224' title='bbox 1596 1593 1635 1641; x_wconf 90' lang='lat'>7)</span> <span class='ocrx_word' id='word_1_225' title='bbox 1676 1614 1728 1620; x_wconf 93' lang='lat'>—-</span> <span class='ocrx_word' id='word_1_226' title='bbox 1760 1589 1902 1640; x_wconf 75' lang='grc' dir='ltr'><em>ἔξεστι</em></span> 
     </span>
     <span class='ocr_line' id='line_1_23' title="bbox 247 1654 1904 1712; baseline 0 -14"><span class='ocrx_word' id='word_1_227' title='bbox 247 1660 304 1711; x_wconf 87' lang='lat' dir='ltr'>(p.</span> <span class='ocrx_word' id='word_1_228' title='bbox 340 1659 431 1710; x_wconf 82' lang='lat'><strong>179,</strong></span> <span class='ocrx_word' id='word_1_229' title='bbox 467 1658 553 1711; x_wconf 88' lang='lat'><strong>15);</strong></span> <span class='ocrx_word' id='word_1_230' title='bbox 588 1672 627 1712; x_wconf 87' lang='lat' dir='ltr'>p.</span> <span class='ocrx_word' id='word_1_231' title='bbox 662 1660 825 1700; x_wconf 81' lang='lat'><strong>15-18</strong></span> <span class='ocrx_word' id='word_1_232' title='bbox 857 1654 981 1700; x_wconf 68' lang='grc' dir='ltr'><em>οὐδὲν</em></span> <span class='ocrx_word' id='word_1_233' title='bbox 1013 1658 1315 1711; x_wconf 33' lang='grc' dir='ltr'>ἐπαμιὲἰιόντας</span> <span class='ocrx_word' id='word_1_234' title='bbox 1347 1661 1400 1712; x_wconf 90' lang='lat' dir='ltr'>(p.</span> <span class='ocrx_word' id='word_1_235' title='bbox 1435 1659 1529 1711; x_wconf 73' lang='lat'><strong>384,</strong></span> <span class='ocrx_word' id='word_1_236' title='bbox 1564 1659 1629 1704; x_wconf 75' lang='grc'>18)</span> <span class='ocrx_word' id='word_1_237' title='bbox 1658 1681 1713 1686; x_wconf 85' lang='lat'>-—</span> <span class='ocrx_word' id='word_1_238' title='bbox 1743 1655 1791 1699; x_wconf 81' lang='grc' dir='ltr'>τὸ</span> <span class='ocrx_word' id='word_1_239' title='bbox 1825 1657 1904 1710; x_wconf 81' lang='grc' dir='ltr'>μὲν</span> 
     </span>
     <span class='ocr_line' id='line_1_24' title="bbox 244 1718 1902 1780; baseline 0.001 -16"><span class='ocrx_word' id='word_1_240' title='bbox 244 1718 428 1765; x_wconf 80' lang='grc' dir='ltr'><em>Ἀνάνου</em></span> <span class='ocrx_word' id='word_1_241' title='bbox 449 1725 521 1765; x_wconf 83' lang='grc' dir='ltr'>καὶ</span> <span class='ocrx_word' id='word_1_242' title='bbox 553 1726 608 1779; x_wconf 91' lang='lat' dir='ltr'>(p.</span> <span class='ocrx_word' id='word_1_243' title='bbox 632 1727 725 1778; x_wconf 75' lang='lat'><strong>390,</strong></span> <span class='ocrx_word' id='word_1_244' title='bbox 752 1728 808 1779; x_wconf 83' lang='lat'>1);</span> <span class='ocrx_word' id='word_1_245' title='bbox 839 1741 880 1780; x_wconf 78' lang='lat' dir='ltr'>p.</span> <span class='ocrx_word' id='word_1_246' title='bbox 905 1729 1066 1767; x_wconf 84' lang='lat'><strong>19-36</strong></span> <span class='ocrx_word' id='word_1_247' title='bbox 1100 1725 1247 1780; x_wconf 75' lang='grc' dir='ltr'><strong><em>ἐβάρει</em></strong></span> <span class='ocrx_word' id='word_1_248' title='bbox 1278 1733 1374 1773; x_wconf 79' lang='grc' dir='ltr'><em>ταῖς</em></span> <span class='ocrx_word' id='word_1_249' title='bbox 1404 1723 1635 1780; x_wconf 78' lang='grc' dir='ltr'><em>εἰσφοραῖς</em></span> <span class='ocrx_word' id='word_1_250' title='bbox 1666 1727 1720 1779; x_wconf 92' lang='lat' dir='ltr'>(p.</span> <span class='ocrx_word' id='word_1_251' title='bbox 1743 1727 1837 1778; x_wconf 89' lang='lat'><strong>206,</strong></span> <span class='ocrx_word' id='word_1_252' title='bbox 1861 1726 1902 1774; x_wconf 88' lang='lat'>9)</span> 
     </span>
     <span class='ocr_line' id='line_1_25' title="bbox 250 1790 1903 1847; baseline 0.002 -16"><span class='ocrx_word' id='word_1_253' title='bbox 250 1814 303 1819; x_wconf 89' lang='lat'><em>-</em></span> <span class='ocrx_word' id='word_1_254' title='bbox 335 1790 665 1845; x_wconf 73' lang='grc' dir='ltr'><em>προσδέχεσθαι</em></span> <span class='ocrx_word' id='word_1_255' title='bbox 696 1807 735 1845; x_wconf 89' lang='lat' dir='ltr'>p.</span> <span class='ocrx_word' id='word_1_256' title='bbox 767 1796 861 1846; x_wconf 85' lang='lat'><strong>230,</strong></span> <span class='ocrx_word' id='word_1_257' title='bbox 885 1796 935 1847; x_wconf 80' lang='lat'>93</span> <span class='ocrx_word' id='word_1_258' title='bbox 967 1808 1007 1847; x_wconf 91' lang='lat' dir='ltr'>p.</span> <span class='ocrx_word' id='word_1_259' title='bbox 1040 1796 1206 1835; x_wconf 81' lang='lat'><strong>37—-44</strong></span> <span class='ocrx_word' id='word_1_260' title='bbox 1236 1794 1323 1834; x_wconf 75' lang='grc' dir='ltr'>τῶν</span> <span class='ocrx_word' id='word_1_261' title='bbox 1350 1793 1589 1845; x_wconf 78' lang='grc' dir='ltr'><em>βασιλικῶν</em></span> <span class='ocrx_word' id='word_1_262' title='bbox 1621 1794 1676 1846; x_wconf 89' lang='lat' dir='ltr'>(p.</span> <span class='ocrx_word' id='word_1_263' title='bbox 1713 1795 1803 1846; x_wconf 83' lang='lat'><strong>165,</strong></span> <span class='ocrx_word' id='word_1_264' title='bbox 1838 1794 1903 1843; x_wconf 86' lang='lat'>10)</span> 
     </span>
     <span class='ocr_line' id='line_1_26' title="bbox 249 1854 1903 1915; baseline 0.002 -17"><span class='ocrx_word' id='word_1_265' title='bbox 249 1882 305 1886; x_wconf 88' lang='lat'><strong>—</strong></span> <span class='ocrx_word' id='word_1_266' title='bbox 336 1858 546 1912; x_wconf 78' lang='grc' dir='ltr'><em>αἱρέσεως</em></span> <span class='ocrx_word' id='word_1_267' title='bbox 578 1854 700 1900; x_wconf 73' lang='grc' dir='ltr'><em>οὐδὲν</em></span> <span class='ocrx_word' id='word_1_268' title='bbox 733 1862 787 1913; x_wconf 87' lang='lat' dir='ltr'>(p.</span> <span class='ocrx_word' id='word_1_269' title='bbox 824 1863 915 1913; x_wconf 89' lang='lat'><strong>176,</strong></span> <span class='ocrx_word' id='word_1_270' title='bbox 940 1864 1000 1913; x_wconf 87' lang='lat'>7);</span> <span class='ocrx_word' id='word_1_271' title='bbox 1033 1875 1073 1915; x_wconf 89' lang='lat' dir='ltr'>p.</span> <span class='ocrx_word' id='word_1_272' title='bbox 1106 1863 1270 1902; x_wconf 75' lang='grc'><strong>45-48</strong></span> <span class='ocrx_word' id='word_1_273' title='bbox 1302 1859 1516 1913; x_wconf 70' lang='grc' dir='ltr'><em>πρότερον</em></span> <span class='ocrx_word' id='word_1_274' title='bbox 1547 1861 1602 1913; x_wconf 92' lang='lat' dir='ltr'>(p.</span> <span class='ocrx_word' id='word_1_275' title='bbox 1636 1861 1728 1913; x_wconf 85' lang='lat'><strong>192,</strong></span> <span class='ocrx_word' id='word_1_276' title='bbox 1754 1861 1821 1910; x_wconf 79' lang='lat'>18)</span> <span class='ocrx_word' id='word_1_277' title='bbox 1850 1884 1903 1888; x_wconf 92' lang='lat'>--</span> 
     </span>
     <span class='ocr_line' id='line_1_27' title="bbox 251 1924 1903 1983; baseline 0.001 -17"><span class='ocrx_word' id='word_1_278' title='bbox 251 1926 325 1967; x_wconf 79' lang='grc' dir='ltr'>καὶ</span> <span class='ocrx_word' id='word_1_279' title='bbox 348 1924 579 1978; x_wconf 81' lang='grc' dir='ltr'><em>Κούμανος</em></span> <span class='ocrx_word' id='word_1_280' title='bbox 605 1925 755 1974; x_wconf 75' lang='grc' dir='ltr'><em>δείσας</em></span> <span class='ocrx_word' id='word_1_281' title='bbox 785 1929 839 1981; x_wconf 87' lang='lat' dir='ltr'>(p.</span> <span class='ocrx_word' id='word_1_282' title='bbox 867 1929 1026 1981; x_wconf 79' lang='lat'><strong>198,5);</strong></span> <span class='ocrx_word' id='word_1_283' title='bbox 1058 1942 1098 1981; x_wconf 90' lang='lat' dir='ltr'>p.</span> <span class='ocrx_word' id='word_1_284' title='bbox 1130 1930 1323 1970; x_wconf 76' lang='lat'><strong>49—130</strong></span> <span class='ocrx_word' id='word_1_285' title='bbox 1355 1924 1431 1983; x_wconf 75' lang='grc' dir='ltr'>τὴν</span> <span class='ocrx_word' id='word_1_286' title='bbox 1457 1925 1604 1980; x_wconf 77' lang='grc' dir='ltr'><em>χώραν</em></span> <span class='ocrx_word' id='word_1_287' title='bbox 1635 1930 1689 1980; x_wconf 91' lang='lat' dir='ltr'>(p.</span> <span class='ocrx_word' id='word_1_288' title='bbox 1720 1928 1812 1979; x_wconf 86' lang='lat'><strong>246,</strong></span> <span class='ocrx_word' id='word_1_289' title='bbox 1839 1928 1903 1974; x_wconf 90' lang='grc'><strong>12)</strong></span> 
     </span>
     <span class='ocr_line' id='line_1_28' title="bbox 250 1991 1904 2048; baseline 0 -15"><span class='ocrx_word' id='word_1_290' title='bbox 250 1991 576 2046; x_wconf 76' lang='grc' dir='ltr'><em>-παρέόοσαν</em></span> <span class='ocrx_word' id='word_1_291' title='bbox 608 1997 661 2047; x_wconf 87' lang='lat' dir='ltr'>(p.</span> <span class='ocrx_word' id='word_1_292' title='bbox 686 1997 779 2048; x_wconf 88' lang='grc'><strong>355,</strong></span> <span class='ocrx_word' id='word_1_293' title='bbox 803 1996 856 2044; x_wconf 87' lang='grc'>2).</span> <span class='ocrx_word' id='word_1_294' title='bbox 916 1995 1021 2038; x_wconf 88' lang='lat' dir='ltr'>haec</span> <span class='ocrx_word' id='word_1_295' title='bbox 1051 1995 1198 2036; x_wconf 88' lang='lat' dir='ltr'>ultima</span> <span class='ocrx_word' id='word_1_296' title='bbox 1229 1994 1387 2037; x_wconf 87' lang='lat' dir='ltr'>codicis</span> <span class='ocrx_word' id='word_1_297' title='bbox 1418 1994 1547 2036; x_wconf 88' lang='lat' dir='ltr'>uerba</span> <span class='ocrx_word' id='word_1_298' title='bbox 1578 1993 1649 2043; x_wconf 93' lang='lat' dir='ltr'>(IV</span> <span class='ocrx_word' id='word_1_299' title='bbox 1672 1995 1718 2034; x_wconf 91' lang='grc'>61</span> <span class='ocrx_word' id='word_1_300' title='bbox 1756 1991 1904 2034; x_wconf 74' lang='grc' dir='ltr'><strong><em>ἐπιλε-</em></strong></span> 
     </span>
     <span class='ocr_line' id='line_1_29' title="bbox 253 2059 1904 2114; baseline 0.002 -15"><span class='ocrx_word' id='word_1_301' title='bbox 253 2059 757 2112; x_wconf 71' lang='grc' dir='ltr'><em>λοίπει-παρέδοσαν)</em></span> <span class='ocrx_word' id='word_1_302' title='bbox 789 2062 848 2103; x_wconf 88' lang='lat' dir='ltr'>ita</span> <span class='ocrx_word' id='word_1_303' title='bbox 885 2066 1059 2103; x_wconf 85' lang='lat' dir='ltr'>exarata</span> <span class='ocrx_word' id='word_1_304' title='bbox 1099 2066 1212 2114; x_wconf 90' lang='lat' dir='ltr'>sunt,</span> <span class='ocrx_word' id='word_1_305' title='bbox 1249 2065 1294 2103; x_wconf 94' lang='lat' dir='ltr'>ut</span> <span class='ocrx_word' id='word_1_306' title='bbox 1331 2060 1422 2103; x_wconf 89' lang='lat' dir='ltr'>fieri</span> <span class='ocrx_word' id='word_1_307' title='bbox 1461 2061 1568 2103; x_wconf 88' lang='lat' dir='ltr'>solet</span> <span class='ocrx_word' id='word_1_308' title='bbox 1606 2060 1647 2101; x_wconf 92' lang='lat' dir='ltr'>in</span> <span class='ocrx_word' id='word_1_309' title='bbox 1687 2060 1768 2103; x_wconf 91' lang='lat' dir='ltr'>fine</span> <span class='ocrx_word' id='word_1_310' title='bbox 1807 2061 1904 2102; x_wconf 91' lang='lat' dir='ltr'>libri</span> 
     </span>
     <span class='ocr_line' id='line_1_30' title="bbox 250 2127 1903 2182; baseline 0 -13"><span class='ocrx_word' id='word_1_311' title='bbox 250 2132 323 2170; x_wconf 86' lang='lat' dir='ltr'>aut</span> <span class='ocrx_word' id='word_1_312' title='bbox 362 2129 523 2181; x_wconf 87' lang='lat' dir='ltr'>operis,</span> <span class='ocrx_word' id='word_1_313' title='bbox 564 2133 608 2170; x_wconf 94' lang='lat' dir='ltr'>ut</span> <span class='ocrx_word' id='word_1_314' title='bbox 644 2129 826 2182; x_wconf 82' lang='lat' dir='ltr'>paginae</span> <span class='ocrx_word' id='word_1_315' title='bbox 865 2129 1047 2182; x_wconf 88' lang='lat' dir='ltr'>spatium</span> <span class='ocrx_word' id='word_1_316' title='bbox 1088 2141 1257 2181; x_wconf 88' lang='lat' dir='ltr'>quoquo</span> <span class='ocrx_word' id='word_1_317' title='bbox 1296 2128 1420 2170; x_wconf 90' lang='lat' dir='ltr'>modo</span> <span class='ocrx_word' id='word_1_318' title='bbox 1453 2128 1684 2182; x_wconf 83' lang='lat' dir='ltr'>expleatur.</span> <span class='ocrx_word' id='word_1_319' title='bbox 1746 2127 1903 2170; x_wconf 87' lang='lat' dir='ltr'>codicis</span> 
     </span>
     <span class='ocr_line' id='line_1_31' title="bbox 252 2194 1904 2248; baseline 0 -12"><span class='ocrx_word' id='word_1_320' title='bbox 252 2199 392 2237; x_wconf 85' lang='lat' dir='ltr'>tamen</span> <span class='ocrx_word' id='word_1_321' title='bbox 423 2195 556 2248; x_wconf 88' lang='lat' dir='ltr'>ipsius</span> <span class='ocrx_word' id='word_1_322' title='bbox 587 2208 670 2237; x_wconf 89' lang='lat' dir='ltr'>non</span> <span class='ocrx_word' id='word_1_323' title='bbox 702 2195 811 2238; x_wconf 89' lang='lat' dir='ltr'>hunc</span> <span class='ocrx_word' id='word_1_324' title='bbox 840 2196 968 2238; x_wconf 86' lang='lat' dir='ltr'>fuisse</span> <span class='ocrx_word' id='word_1_325' title='bbox 999 2194 1123 2237; x_wconf 88' lang='lat' dir='ltr'>finem</span> <span class='ocrx_word' id='word_1_326' title='bbox 1154 2200 1309 2237; x_wconf 90' lang='lat' dir='ltr'>certum</span> <span class='ocrx_word' id='word_1_327' title='bbox 1348 2201 1430 2248; x_wconf 90' lang='lat' dir='ltr'>est,</span> <span class='ocrx_word' id='word_1_328' title='bbox 1473 2194 1670 2247; x_wconf 85' lang='lat' dir='ltr'>quoniam</span> <span class='ocrx_word' id='word_1_329' title='bbox 1712 2206 1766 2235; x_wconf 91' lang='lat' dir='ltr'>ex</span> <span class='ocrx_word' id='word_1_330' title='bbox 1796 2194 1904 2236; x_wconf 91' lang='lat' dir='ltr'>inse-</span> 
     </span>
     <span class='ocr_line' id='line_1_32' title="bbox 252 2261 1904 2316; baseline -0.001 -13"><span class='ocrx_word' id='word_1_331' title='bbox 252 2261 475 2315; x_wconf 90' lang='lat' dir='ltr'>quentibus</span> <span class='ocrx_word' id='word_1_332' title='bbox 506 2262 602 2304; x_wconf 89' lang='lat' dir='ltr'>libri</span> <span class='ocrx_word' id='word_1_333' title='bbox 633 2262 690 2304; x_wconf 92' lang='lat' dir='ltr'>IV</span> <span class='ocrx_word' id='word_1_334' title='bbox 707 2263 894 2315; x_wconf 91' lang='lat' dir='ltr'>partibus</span> <span class='ocrx_word' id='word_1_335' title='bbox 926 2267 1069 2304; x_wconf 88' lang='lat' dir='ltr'>extant</span> <span class='ocrx_word' id='word_1_336' title='bbox 1090 2263 1271 2316; x_wconf 83' lang='lat' dir='ltr'>paginae</span> <span class='ocrx_word' id='word_1_337' title='bbox 1293 2266 1487 2315; x_wconf 89' lang='lat' dir='ltr'>quattuor</span> <span class='ocrx_word' id='word_1_338' title='bbox 1508 2265 1561 2315; x_wconf 90' lang='lat' dir='ltr'>(p.</span> <span class='ocrx_word' id='word_1_339' title='bbox 1590 2261 1780 2310; x_wconf 74' lang='lat'>15—18).</span> <span class='ocrx_word' id='word_1_340' title='bbox 1832 2274 1904 2303; x_wconf 91' lang='lat' dir='ltr'>cur</span> 
     </span>
     <span class='ocr_line' id='line_1_33' title="bbox 254 2329 1902 2382; baseline -0.001 -12"><span class='ocrx_word' id='word_1_341' title='bbox 254 2329 381 2381; x_wconf 89' lang='lat' dir='ltr'>igitur</span> <span class='ocrx_word' id='word_1_342' title='bbox 411 2330 611 2382; x_wconf 88' lang='lat' dir='ltr'>paginam</span> <span class='ocrx_word' id='word_1_343' title='bbox 636 2332 713 2371; x_wconf 82' lang='lat'>130</span> <span class='ocrx_word' id='word_1_344' title='bbox 745 2330 818 2372; x_wconf 92' lang='lat' dir='ltr'>illo</span> <span class='ocrx_word' id='word_1_345' title='bbox 849 2330 975 2372; x_wconf 89' lang='lat' dir='ltr'>modo</span> <span class='ocrx_word' id='word_1_346' title='bbox 1007 2330 1198 2372; x_wconf 87' lang='lat' dir='ltr'>desinere</span> <span class='ocrx_word' id='word_1_347' title='bbox 1220 2329 1411 2381; x_wconf 89' lang='lat' dir='ltr'>uoluerit,</span> <span class='ocrx_word' id='word_1_348' title='bbox 1444 2341 1571 2370; x_wconf 88' lang='lat' dir='ltr'>causa</span> <span class='ocrx_word' id='word_1_349' title='bbox 1600 2341 1683 2370; x_wconf 90' lang='lat' dir='ltr'>non</span> <span class='ocrx_word' id='word_1_350' title='bbox 1713 2332 1902 2381; x_wconf 86' lang='lat' dir='ltr'>apparet.</span> 
     </span>
     <span class='ocr_line' id='line_1_34' title="bbox 254 2395 1904 2449; baseline -0.001 -12"><span class='ocrx_word' id='word_1_351' title='bbox 254 2400 399 2438; x_wconf 88' lang='lat' dir='ltr'>extant</span> <span class='ocrx_word' id='word_1_352' title='bbox 429 2396 555 2449; x_wconf 91' lang='lat' dir='ltr'>igitur</span> <span class='ocrx_word' id='word_1_353' title='bbox 587 2397 628 2438; x_wconf 92' lang='lat' dir='ltr'>in</span> <span class='ocrx_word' id='word_1_354' title='bbox 659 2396 806 2438; x_wconf 88' lang='lat' dir='ltr'>codice</span> <span class='ocrx_word' id='word_1_355' title='bbox 836 2395 961 2439; x_wconf 87' lang='lat' dir='ltr'>haec:</span> <span class='ocrx_word' id='word_1_356' title='bbox 994 2396 1089 2438; x_wconf 92' lang='lat' dir='ltr'>libri</span> <span class='ocrx_word' id='word_1_357' title='bbox 1120 2396 1160 2437; x_wconf 91' lang='grc' dir='ltr'>ΙΙ</span> <span class='ocrx_word' id='word_1_358' title='bbox 1190 2410 1229 2449; x_wconf 91' lang='lat' dir='ltr'>p.</span> <span class='ocrx_word' id='word_1_359' title='bbox 1268 2397 1355 2449; x_wconf 84' lang='lat'><strong>162,</strong></span> <span class='ocrx_word' id='word_1_360' title='bbox 1391 2397 1439 2436; x_wconf 88' lang='grc'>16</span> <span class='ocrx_word' id='word_1_361' title='bbox 1461 2418 1513 2423; x_wconf 93' lang='lat'>——</span> <span class='ocrx_word' id='word_1_362' title='bbox 1540 2397 1631 2447; x_wconf 88' lang='lat'><strong>179,</strong></span> <span class='ocrx_word' id='word_1_363' title='bbox 1657 2397 1706 2435; x_wconf 93' lang='grc'>15</span> <span class='ocrx_word' id='word_1_364' title='bbox 1737 2398 1904 2448; x_wconf 90' lang='lat' dir='ltr'>praeter</span> 
     </span>
     <span class='ocr_line' id='line_1_35' title="bbox 252 2463 1902 2517; baseline -0.001 -13"><span class='ocrx_word' id='word_1_365' title='bbox 252 2463 344 2505; x_wconf 84' lang='lat' dir='ltr'>folii</span> <span class='ocrx_word' id='word_1_366' title='bbox 365 2464 490 2517; x_wconf 88' lang='lat' dir='ltr'>primi</span> <span class='ocrx_word' id='word_1_367' title='bbox 507 2467 668 2516; x_wconf 89' lang='lat' dir='ltr'>partem</span> <span class='ocrx_word' id='word_1_368' title='bbox 687 2464 885 2517; x_wconf 89' lang='lat' dir='ltr'>excisam,</span> <span class='ocrx_word' id='word_1_369' title='bbox 903 2476 943 2517; x_wconf 90' lang='lat' dir='ltr'>p.</span> <span class='ocrx_word' id='word_1_370' title='bbox 965 2465 1056 2517; x_wconf 86' lang='lat'><strong>192,</strong></span> <span class='ocrx_word' id='word_1_371' title='bbox 1078 2465 1127 2504; x_wconf 85' lang='lat'>18</span> <span class='ocrx_word' id='word_1_372' title='bbox 1141 2476 1242 2516; x_wconf 91' lang='lat' dir='ltr'>—p.</span> <span class='ocrx_word' id='word_1_373' title='bbox 1260 2464 1349 2515; x_wconf 89' lang='grc'><strong>198,</strong></span> <span class='ocrx_word' id='word_1_374' title='bbox 1369 2465 1407 2515; x_wconf 90' lang='grc'>5,</span> <span class='ocrx_word' id='word_1_375' title='bbox 1424 2475 1463 2515; x_wconf 90' lang='lat' dir='ltr'>p.</span> <span class='ocrx_word' id='word_1_376' title='bbox 1482 2463 1576 2514; x_wconf 88' lang='grc'><strong>206,</strong></span> <span class='ocrx_word' id='word_1_377' title='bbox 1595 2464 1618 2502; x_wconf 90' lang='grc'><strong>9</strong></span> <span class='ocrx_word' id='word_1_378' title='bbox 1635 2464 1845 2516; x_wconf 85' lang='lat' dir='ltr'>—p.230‚</span> <span class='ocrx_word' id='word_1_379' title='bbox 1863 2464 1902 2515; x_wconf 90' lang='grc'>9,</span> 
     </span>
     <span class='ocr_line' id='line_1_36' title="bbox 250 2529 1904 2584; baseline 0 -13"><span class='ocrx_word' id='word_1_380' title='bbox 250 2544 291 2583; x_wconf 95' lang='lat' dir='ltr'>p.</span> <span class='ocrx_word' id='word_1_381' title='bbox 321 2532 415 2582; x_wconf 84' lang='grc'><strong>233,</strong></span> <span class='ocrx_word' id='word_1_382' title='bbox 448 2532 472 2570; x_wconf 90' lang='grc'><strong>2</strong></span> <span class='ocrx_word' id='word_1_383' title='bbox 503 2544 634 2584; x_wconf 90' lang='lat' dir='ltr'>usque</span> <span class='ocrx_word' id='word_1_384' title='bbox 665 2530 721 2572; x_wconf 91' lang='lat' dir='ltr'>ad</span> <span class='ocrx_word' id='word_1_385' title='bbox 752 2531 847 2572; x_wconf 90' lang='lat' dir='ltr'>libri</span> <span class='ocrx_word' id='word_1_386' title='bbox 877 2530 918 2572; x_wconf 97' lang='grc' dir='ltr'>ΙΙ</span> <span class='ocrx_word' id='word_1_387' title='bbox 947 2529 1090 2583; x_wconf 89' lang='lat' dir='ltr'>finem,</span> <span class='ocrx_word' id='word_1_388' title='bbox 1131 2529 1284 2571; x_wconf 89' lang='lat' dir='ltr'>deinde</span> <span class='ocrx_word' id='word_1_389' title='bbox 1322 2530 1429 2571; x_wconf 88' lang='lat' dir='ltr'>liber</span> <span class='ocrx_word' id='word_1_390' title='bbox 1458 2529 1520 2570; x_wconf 92' lang='lat' dir='ltr'>III</span> <span class='ocrx_word' id='word_1_391' title='bbox 1551 2532 1680 2581; x_wconf 89' lang='lat' dir='ltr'>totus,</span> <span class='ocrx_word' id='word_1_392' title='bbox 1719 2529 1815 2570; x_wconf 87' lang='lat' dir='ltr'>libri</span> <span class='ocrx_word' id='word_1_393' title='bbox 1845 2530 1904 2571; x_wconf 94' lang='lat' dir='ltr'>IV</span> 
     </span>
     <span class='ocr_line' id='line_1_37' title="bbox 253 2597 1903 2651; baseline -0.001 -12"><span class='ocrx_word' id='word_1_394' title='bbox 253 2598 435 2651; x_wconf 90' lang='lat' dir='ltr'>denique</span> <span class='ocrx_word' id='word_1_395' title='bbox 466 2598 629 2640; x_wconf 92' lang='lat' dir='ltr'>initium</span> <span class='ocrx_word' id='word_1_396' title='bbox 660 2611 791 2651; x_wconf 88' lang='lat' dir='ltr'>usque</span> <span class='ocrx_word' id='word_1_397' title='bbox 821 2597 876 2640; x_wconf 90' lang='lat' dir='ltr'>ad</span> <span class='ocrx_word' id='word_1_398' title='bbox 907 2611 946 2651; x_wconf 93' lang='lat' dir='ltr'>p.</span> <span class='ocrx_word' id='word_1_399' title='bbox 980 2599 1071 2651; x_wconf 83' lang='lat'><strong>355,</strong></span> <span class='ocrx_word' id='word_1_400' title='bbox 1105 2599 1129 2638; x_wconf 89' lang='grc'>2</span> <span class='ocrx_word' id='word_1_401' title='bbox 1161 2602 1201 2639; x_wconf 89' lang='lat' dir='ltr'>et</span> <span class='ocrx_word' id='word_1_402' title='bbox 1231 2611 1271 2651; x_wconf 87' lang='lat' dir='ltr'>p.</span> <span class='ocrx_word' id='word_1_403' title='bbox 1304 2598 1397 2649; x_wconf 83' lang='grc'><strong>384,</strong></span> <span class='ocrx_word' id='word_1_404' title='bbox 1433 2598 1482 2637; x_wconf 93' lang='grc'>18</span> <span class='ocrx_word' id='word_1_405' title='bbox 1506 2619 1558 2624; x_wconf 85' lang='lat'>—</span> <span class='ocrx_word' id='word_1_406' title='bbox 1582 2598 1675 2648; x_wconf 87' lang='grc'><strong>390,</strong></span> <span class='ocrx_word' id='word_1_407' title='bbox 1710 2598 1744 2637; x_wconf 94' lang='grc'>1.</span> <span class='ocrx_word' id='word_1_408' title='bbox 1821 2597 1903 2638; x_wconf 89' lang='lat' dir='ltr'>sin-</span> 
     </span>
     <span class='ocr_line' id='line_1_38' title="bbox 254 2662 1904 2718; baseline -0.001 -12"><span class='ocrx_word' id='word_1_409' title='bbox 254 2665 364 2717; x_wconf 88' lang='lat' dir='ltr'>gulis</span> <span class='ocrx_word' id='word_1_410' title='bbox 410 2665 528 2706; x_wconf 91' lang='lat' dir='ltr'>libris</span> <span class='ocrx_word' id='word_1_411' title='bbox 567 2665 800 2718; x_wconf 89' lang='lat' dir='ltr'>praemissa</span> <span class='ocrx_word' id='word_1_412' title='bbox 839 2669 934 2706; x_wconf 88' lang='lat' dir='ltr'>sunt</span> <span class='ocrx_word' id='word_1_413' title='bbox 969 2669 1225 2716; x_wconf 85' lang='lat' dir='ltr'>argumenta.</span> <span class='ocrx_word' id='word_1_414' title='bbox 1300 2665 1341 2705; x_wconf 91' lang='lat' dir='ltr'>in</span> <span class='ocrx_word' id='word_1_415' title='bbox 1381 2664 1569 2717; x_wconf 85' lang='lat' dir='ltr'>margine</span> <span class='ocrx_word' id='word_1_416' title='bbox 1607 2662 1780 2716; x_wconf 87' lang='lat' dir='ltr'>ascripti</span> <span class='ocrx_word' id='word_1_417' title='bbox 1809 2668 1904 2705; x_wconf 88' lang='lat' dir='ltr'>sunt</span> 
     </span>
     <span class='ocr_line' id='line_1_39' title="bbox 251 2730 1899 2785; baseline -0.001 -13"><span class='ocrx_word' id='word_1_418' title='bbox 251 2733 413 2774; x_wconf 90' lang='lat' dir='ltr'>numeri</span> <span class='ocrx_word' id='word_1_419' title='bbox 454 2732 636 2785; x_wconf 85' lang='lat' dir='ltr'>capitum</span> <span class='ocrx_word' id='word_1_420' title='bbox 669 2736 710 2773; x_wconf 92' lang='lat' dir='ltr'>et</span> <span class='ocrx_word' id='word_1_421' title='bbox 740 2731 883 2773; x_wconf 88' lang='lat' dir='ltr'>uariae</span> <span class='ocrx_word' id='word_1_422' title='bbox 913 2731 1127 2774; x_wconf 87' lang='lat' dir='ltr'>lectiones.</span> <span class='ocrx_word' id='word_1_423' title='bbox 1197 2745 1333 2785; x_wconf 89' lang='lat' dir='ltr'>pauca</span> <span class='ocrx_word' id='word_1_424' title='bbox 1364 2731 1546 2774; x_wconf 85' lang='lat' dir='ltr'>correxit</span> <span class='ocrx_word' id='word_1_425' title='bbox 1575 2743 1723 2772; x_wconf 89' lang='lat' dir='ltr'>manus</span> <span class='ocrx_word' id='word_1_426' title='bbox 1753 2730 1899 2783; x_wconf 88' lang='lat' dir='ltr'>prima.</span> 
     </span>
     <span class='ocr_line' id='line_1_40' title="bbox 251 2795 1903 2852; baseline -0.001 -12"><span class='ocrx_word' id='word_1_427' title='bbox 251 2798 398 2840; x_wconf 89' lang='lat' dir='ltr'>codice</span> <span class='ocrx_word' id='word_1_428' title='bbox 429 2812 528 2840; x_wconf 89' lang='lat' dir='ltr'>usus</span> <span class='ocrx_word' id='word_1_429' title='bbox 559 2802 623 2840; x_wconf 89' lang='lat' dir='ltr'>est</span> <span class='ocrx_word' id='word_1_430' title='bbox 644 2797 918 2850; x_wconf 77' lang='lat' dir='ltr'>CardweIIUS,</span> <span class='ocrx_word' id='word_1_431' title='bbox 950 2798 1063 2851; x_wconf 88' lang='lat' dir='ltr'>apud</span> <span class='ocrx_word' id='word_1_432' title='bbox 1094 2811 1217 2852; x_wconf 85' lang='lat' dir='ltr'>quern</span> <span class='ocrx_word' id='word_1_433' title='bbox 1247 2799 1283 2840; x_wconf 91' lang='lat' dir='ltr'>R</span> <span class='ocrx_word' id='word_1_434' title='bbox 1312 2797 1443 2850; x_wconf 87' lang='lat' dir='ltr'>audit,</span> <span class='ocrx_word' id='word_1_435' title='bbox 1475 2796 1572 2839; x_wconf 90' lang='lat' dir='ltr'>dein</span> <span class='ocrx_word' id='word_1_436' title='bbox 1593 2796 1763 2839; x_wconf 86' lang='lat' dir='ltr'>Niesius</span> <span class='ocrx_word' id='word_1_437' title='bbox 1795 2795 1903 2838; x_wconf 87' lang='lat' dir='ltr'>uidit</span> 
     </span>
     <span class='ocr_line' id='line_1_41' title="bbox 252 2861 1084 2918; baseline 0 -12"><span class='ocrx_word' id='word_1_438' title='bbox 252 2868 295 2906; x_wconf 93' lang='lat' dir='ltr'>et</span> <span class='ocrx_word' id='word_1_439' title='bbox 324 2864 533 2918; x_wconf 88' lang='lat' dir='ltr'>quaedam</span> <span class='ocrx_word' id='word_1_440' title='bbox 565 2865 752 2907; x_wconf 87' lang='lat' dir='ltr'>contulit.</span> <span class='ocrx_word' id='word_1_441' title='bbox 1082 2861 1084 2863; x_wconf 62' lang='grc'>’</span> 
     </span>
    </p>
   </div>
  </div>
 </body>
</html>
