2039 3251
89 551 106 580 5

71 888 106 920 10

576 158 641 192 DE
668 158 826 193 BELLO
852 159 948 195 IUD.
974 158 1023 193 IV
1048 161 1180 193 61-69
1206 161 1228 200 (Ι
1257 165 1286 194 8.
1315 162 1345 202 τι)
1716 162 1795 198 355

138 271 335 313 λελοίπει
377 267 417 312 δ’
463 268 617 321 αὐτοὺς
656 267 794 327 ὕδωρ,
835 269 884 314 τό
922 289 969 315 τε
1006 270 1108 328 ὄρος
1138 276 1210 317 καὶ
1244 275 1361 329 σφᾶς
1394 269 1551 324 αὐτοὺς
1582 275 1792 331 Πλακίδῳ

138 338 404 393 παρέδοσαν.

251 411 289 449 9.
328 409 425 448 Τιῦν
457 404 497 448 δ’
534 406 609 450 ἐπὶ
640 409 716 464 τῆς
749 407 954 461 Γαμάλας
986 409 1026 450 οἱ.
1058 409 1423 463 παραβολώτεροι
1453 409 1531 463 μὲν
1563 410 1796 466 φεύγοντες

139 473 452 525 διελάνθανον,
494 476 533 516 οἱ
575 471 616 516 δ’
661 472 866 525 ἀσθενεῖς
906 476 1218 532 διεφθείροντο
1261 478 1395 531 λιμῷ·
1433 476 1480 519 τὸ
1522 478 1711 531 μάχιμον
1749 475 1789 520 δ’

138 537 327 594 ἀντεῖχεν
363 544 413 598 τῇ
445 543 699 598 πολιορκίᾳ,
739 546 863 598 μέχρι
897 543 1075 599 δευτέρᾳ
1106 545 1175 585 καὶ,
1210 544 1349 586 εἰκάδι
1380 544 1515 601 μηνός
1542 543 1797 601 Ὑπερβερε-

137 613 263 651 ταίου
285 619 400 665 τρεῖς
421 612 507 652 τῶν
531 606 619 651 άπὸ
645 612 721 651 τοῦ
744 613 949 663 πέμπτου
971 612 1041 652 καὶ
1067 607 1247 652 δεκάτου
1279 611 1499 666 τάγματος
1531 616 1797 666 στρατιῶται

139 679 237 729 περὶ
261 676 339 734 τὴν
370 676 562 734 ἑωθινὴν
594 676 789 734 ([ιλακην
821 675 1061 727 ὑποδύντες
1091 676 1167 719 τὸν
1199 678 1446 732 νιῑροίχοντα
1478 679 1586 721 κατὰ
1618 681 1798 731 τούτους

138 744 302 800 πύργον
327 742 652 799 ὗπορὺσσουσιν
674 742 821 802 ἡσυχῆ.
857 754 949 793 τοῖς
968 740 1007 786 δ’
1035 741 1145 798 ὑπὲρ
1165 741 1297 787 αὐτοῦ
1321 745 1507 801 φύλαξιν
1533 745 1629 789 οὔτε
1654 764 1794 800 προσ-

140 812 295 854 ιόντων
336 813 567 869 αἴσθησις,
607 811 682 862 νὺξ
709 811 790 867 γὰρ
822 802 891 869 ἦν,
933 808 1032 853 οὔτε·
1062 813 1409 867 προσελθόντων
1441 814 1620 869 ἐγένετο.
1673 816 1713 857 οἱ
1747 816 1792 858 δὲ

138 882 403 935 στρατιῶται
444 879 699 936 φειδόμενοι
737 881 812 921 τοῦ
855 878 1008 934 ψόφου
1048 881 1119 922 καὶ
1159 883 1291 922 πέντε
1322 880 1423 930 τοίς
1453 883 1796 936 κραταιοτάτους

140 946 437 996 ἐκκυλίσαντες
459 948 615 996 λίθους
636 943 915 1003 ὑποπηδῶσι.
965 950 1255 1002 κατηρείπετο
1279 948 1325 990 δὲ
1348 945 1368 990 ὁ
1395 948 1559 1004 πύργος
1587 949 1796 1008 ἐξαίφνης

137 1013 247 1068 μετὰ
291 1018 497 1070 μεγίστου
542 1014 719 1071 ψόφου,
766 1016 837 1057 καὶ
877 1014 1375 1071 συγκατακρημνίζονται
1413 1016 1492 1069 μὲν
1529 1017 1570 1059 οἱ
1608 1017 1796 1073 φύλακε-ς

140 1078 276 1138 αὐτῷ,
319 1085 646 1139 θορυβηθέντες
682 1081 728 1123 δὲ
761 1082 801 1123 οἱ
833 1081 942 1123 κατὰ
973 1081 1053 1132 τὰς
1084 1079 1221 1131 ἄλλας
1253 1083 1451 1139 φυλακὰς
1482 1083 1685 1140 ἔφευγον·
1724 1086 1796 1127 καὶ

141 1149 332 1200 πολλοὺς
363 1150 607 1192 διεκπαίειν
636 1150 891 1203 τολμῶντας
922 1150 964 1192 οἱ
990 1150 1193 1203 Ῥωμαῖοι
1227 1150 1512 1207 διέφθειραν,
1553 1151 1597 1193 ἐν
1628 1151 1694 1201 οἷς
1723 1154 1795 1195 καὶ

71 1225 107 1257 15
134 1212 346 1274 Ἰώσηπόν
390 1234 457 1267 τις
503 1215 611 1271 ὕπερ
649 1215 698 1259 τὸ
741 1221 1096 1273 παρερρηγμένον
1134 1220 1211 1260 τοῦ
1250 1223 1419 1272 τείχους
1459 1218 1796 1274 ἐκδιδράσκοντα

136 1284 284 1340 βαλών
330 1281 512 1340 άναιρεῖ.
577 1286 663 1326 τιῦν
705 1280 745 1325 δ’
791 1282 872 1326 άνὰ
913 1284 991 1342 τὴν
1031 1285 1163 1327 πόλιν
1204 1286 1553 1329 διασεισθέντων
1591 1284 1678 1329 ὑπὸ
1719 1289 1796 1329 τοῦ

141 1352 292 1409 ψόφου
335 1352 547 1409 διαδρομή
586 1368 633 1394 τε
669 1342 721 1409 ἦν
757 1354 827 1394 καὶ
867 1353 986 1395 πτόα
1024 1352 1166 1408 πολλὴ
1199 1354 1409 1409 καθάπερ
1441 1351 1797 1398 εἰσπεπαικότων

139 1419 316 1462 πάντων
352 1422 439 1461 τῶν
479 1420 717 1473 πολεμίων.
777 1420 889 1463 ἔνθα
927 1423 997 1463 καὶ
1030 1421 1185 1478 Χάρης
1224 1426 1532 1475 κατακείμενος
1561 1425 1635 1465 καὶ
1666 1438 1797 1480 νοση-

139 1487 366 1542 λευόμενος
411 1487 602 1529 ἐκλείπει
647 1488 817 1530 πολλοῦ
863 1488 987 1538 δέους
1028 1488 1367 1546 συνεργήσαντος
1407 1489 1468 1539 εἷς
1506 1489 1705 1533 θάνατον
1743 1494 1796 1548 τῇ

137 1555 265 1611 νόσῳ.
312 1552 518 1609 Ῥωμαῖοί
557 1571 604 1610 γε
639 1554 724 1613 μὴν
755 1559 1021 1612 ,μεμνημένοι
1052 1559 1130 1599 τοῦ
1161 1560 1379 1612 προτέρου
1410 1561 1691 1612 πταίσματος
1722 1555 1796 1601 οὐκ

139 1622 392 1677 εἰσέβαλλον
424 1622 505 1672 ἕως
534 1627 659 1680 τρίτῃ
691 1625 765 1666 καὶ
798 1623 938 1666 εἰκάδι
968 1625 1045 1666 τοῦ
1076 1628 1394 1681 προειρημένου
1425 1626 1573 1681 μηνός.

247 1814 791 1859 PAMLVRCLatHegesippus
815 1815 865 1850 IV
891 1819 909 1849 3
935 1827 968 1860 p.
996 1819 1072 1850 226.

250 1875 263 1905 1
293 1871 331 1907 δὲ
355 1871 449 1906 VRC
544 1868 676 1908 αὗτοῖσ
700 1871 763 1906 LV
856 1866 968 1918 ὕδωρ]
994 1870 1037 1908 τὸ
1063 1867 1163 1918 ὕδωρ
1190 1873 1216 1907 C
1308 1875 1492 1910 πλακιδίω
1516 1874 1544 1908 Ρ
1638 1877 1656 1908 2
1682 1875 1795 1920 παρέ-

135 1930 260 1963 δωσαν
284 1927 310 1962 G
405 1931 422 1961 3
448 1928 470 1963 i.
495 1938 604 1970 marg.
630 1925 660 1972 ζ’
687 1928 712 1962 C
806 1925 852 1970 δ’]
879 1929 917 1965 δὲ
940 1929 1017 1971 VR,
1042 1940 1111 1964 om.
1138 1929 1164 1962 C
1263 1932 1328 1974 τῆς
1352 1940 1420 1964 om.
1446 1931 1484 1964 M
1599 1931 1793 1974 Γαμάλας]

134 1981 305 2029 γαμάλησ
329 1984 392 2019 LV
423 1984 649 2030 γαΙλιλαίασ
674 1985 700 2019 C
816 1989 837 2020 4
867 1985 906 2022 δὲ
929 1986 1024 2020 VRC
1140 1985 1178 2021 δὲ
1209 1984 1302 2020 VRC
1419 1990 1437 2020 5
1465 1983 1792 2034 Ὑπερβερεταίου]

134 2041 289 2075 octobris
312 2040 401 2084 Lat;
431 2040 713 2085 Hyperberetaei
738 2044 792 2075 22.
818 2041 894 2076 dies
919 2045 975 2076 est
999 2045 1030 2076 9.
1045 2041 1259 2076 Nouembris
1284 2041 1331 2082 <V
1354 2041 1401 2076 id.
1426 2042 1534 2084 Nou.)
1558 2044 1641 2077 anni
1666 2043 1794 2078 Iuliani

134 2098 188 2137 (67
214 2108 249 2141 p.
275 2096 371 2138 Chr.)
464 2100 483 2131 6
508 2097 693 2141 πέμπτου]
719 2097 831 2134 πέντε
856 2097 886 2132 L
916 2102 936 2133 ε’
962 2098 988 2132 C
1082 2101 1099 2130 7
1125 2095 1296 2143 ἐωθηνην
1320 2098 1398 2140 (sic)
1423 2098 1449 2132 C
1527 2102 1545 2133 S
1570 2099 1608 2135 δὲ
1632 2099 1726 2134 VRC

135 2154 154 2186 9
179 2150 494 2199 προ·ελ9όντων,
517 2163 608 2188 eras.
635 2166 657 2189 σ
680 2155 712 2187 Α
799 2153 833 2190 οἳ
859 2154 907 2196 δὲ]
933 2151 1117 2189 ἕλθόντεσ
1141 2153 1178 2189 δὲ
1204 2150 1253 2195 (δ’
1278 2153 1321 2195 L)
1348 2152 1384 2189 οἱ
1408 2154 1535 2189 LVRC
1559 2155 1651 2190 {clem
1677 2162 1795 2190 autem

133 2209 284 2251 (milites)
308 2210 378 2245 Lat
472 2213 512 2244 10
543 2213 784 2256 στρατιῶιται
811 2210 859 2244 V¹
955 2212 1020 2245 τοῦ
1044 2219 1112 2244 om.
1133 2208 1159 2242 C
1251 2212 1314 2245 καὶ
1339 2221 1406 2244 om.
1432 2210 1589 2245 Dindorf
1609 2222 1689 2246 cum
1714 2211 1793 2247 cod.

133 2264 176 2300 L.
199 2266 240 2300 B.
333 2265 647 2313 κραταιοτάτους]
672 2263 881 2312 κραταιοὺσ
906 2266 932 2300 C
1027 2268 1066 2301 11
1092 2263 1374 2302 ἐκκοιλίσαντεσ
1398 2266 1461 2300 ΡΑ
1553 2268 1694 2308 λίθους]
1718 2269 1796 2302 τῶν

134 2322 253 2357 λίθων
276 2322 403 2357 LVRO
471 2319 711 2369 ὕπεκπηδῶσι
736 2322 845 2357 Niese
936 2323 1201 2368 κατηρείπετο]
1226 2323 1525 2367 καταρρίπτεται
1550 2323 1588 2357 Μ
1611 2323 1795 2369 καταρίπ-

136 2390 237 2413 τεται
256 2378 362 2419 VRO,
389 2380 470 2413 fort.
489 2378 599 2422 igitur
622 2380 885 2425 κατερείπεται
911 2378 1136 2413 scribendum
1161 2381 1215 2412 est
1285 2373 1324 2410 δ’
1341 2378 1371 2411 L
1444 2381 1483 2413 12
1510 2392 1794 2426 συγκατακρημ-

136 2434 312 2477 νίζονται,
337 2449 360 2481 y
384 2435 407 2469 i.
432 2445 502 2470 ras.
529 2445 575 2469 m.
602 2437 621 2469 2
646 2435 678 2470 V
705 2435 1134 2481 συγκατακριμνίζονται
1158 2434 1191 2469 R
1216 2431 1662 2481 συγκατακρημνήζονται
1688 2435 1715 2470 C

138 2524 176 2556 13
203 2521 329 2560 αὐτῶν
351 2524 384 2560 V
476 2525 514 2562 δὲ
538 2535 606 2560 om.
637 2525 663 2560 C
762 2506 901 2572 ἔφῖεγον
926 2525 951 2559 C
1025 2527 1063 2559 14
1090 2527 1310 2570 τολμῶντεσ
1334 2525 1360 2559 C
1453 2524 1670 2571 διέφθειρον
1693 2525 1724 2559 L

139 2581 175 2612 15
199 2574 389 2626 Ἰώσηπόν]
420 2578 536 2628 ιώσην
558 2581 693 2626 L¹Lat3
727 2581 771 2617 cf.
808 2592 918 2626 supra
940 2593 976 2626 p.
1004 2584 1081 2623 349,
1107 2584 1126 2615 9
1218 2578 1537 2628 ἐκδιαδρᾰσκοντα
1563 2582 1596 2616 Α
1690 2584 1730 2617 16
1755 2581 1793 2618 δὲ

95 2680 103 2684 -
136 2633 201 2668 VR
271 2640 309 2670 17
328 2634 430 2673 πτόα
450 2647 541 2672 corr.
567 2647 611 2672 ex
636 2635 735 2674 πτοά
754 2637 785 2672 L
803 2639 919 2674 πτοία
935 2638 1055 2673 MR²G
1125 2636 1410 2674 εἰσπεπεκότων
1425 2637 1456 2671 L
1474 2635 1793 2674 εἰσπεπτωκότων

138 2689 270 2727 MVRO
360 2696 399 2729 18
416 2690 550 2740 χάρησ,
575 2707 620 2740 ησ
644 2704 688 2729 ex
713 2705 803 2729 corr.
820 2694 860 2729 M
885 2704 927 2728 ex
949 2691 1114 2741 χάριτοσ
1139 2705 1231 2730 corr.
1257 2704 1302 2728 m.
1330 2695 1350 2728 2
1366 2693 1396 2727 L
1474 2691 1789 2740 νοσηλευόμενοσ]

139 2745 429 2792 νοσιλευόμενοσ
441 2750 485 2792 V,
497 2750 519 2784 i.
533 2760 642 2793 marg.
657 2745 834 2787 οἷσθενὼν
847 2751 877 2785 L
950 2754 990 2786 19
1007 2753 1151 2787 πολλοῦ
1164 2771 1207 2775 -
1221 2753 1263 2784 20
1277 2747 1391 2798 νόσῳ]
1406 2760 1485 2784 cum
1500 2751 1639 2785 timoris
1655 2751 1792 2795 maqm'-

140 2800 222 2835 tudo
238 2803 398 2838 morbum
416 2805 491 2839 eius
509 2805 708 2851 plurimum
734 2807 882 2841 iuvisset
903 2807 952 2841 ad
973 2810 1120 2841 mortem
1138 2805 1210 2840 Lat
1278 2809 1434 2847 πολλοῦ]
1452 2804 1548 2843 πολὺ
1572 2809 1641 2843 τοῦ
1657 2807 1792 2842 Hauer-

138 2854 244 2900 kamp
277 2868 319 2892 ex
352 2861 427 2895 cod.
451 2861 493 2897 L.
520 2862 560 2897 B.
587 2858 708 2898 πολλὰ
742 2865 811 2898 τοῦ
834 2862 942 2897 Niese
1078 2865 1123 2907 τῆ
1147 2860 1251 2898 νόσω
1282 2863 1339 2899 εἰσ
1362 2860 1535 2899 θάνατον
1558 2866 1602 2898 tr.
1630 2863 1656 2898 G

140 2912 177 2945 21
206 2912 402 2960 εἰσέβαλον
425 2916 495 2951 ML
587 2919 718 2965 τρίτησ
743 2921 807 2955 καὶ
831 2918 983 2955 εἱκαδοσ
1008 2918 1034 2952 C
1127 2919 1394 2965 προῃρημένου
1417 2919 1450 2953 V

1452 2975 1520 3009 23*

1827 414 1879 453 62

1827 482 1878 522 63

1827 752 1879 790 64

1827 1090 1879 1130 66

1827 1293 1878 1332 67

1828 1433 1878 1473 68

1827 1570 1878 1610 69
