2018 3236
219 171 298 208 372
595 170 661 204 DE
688 169 844 204 BELLO
869 169 967 204 IUD.
993 169 1042 203 IV
1070 169 1243 202 186-196
1272 169 1328 208 (111
1356 172 1497 211 10—12)

112 285 188 325 187
221 282 377 333 νεξίαν.
427 284 564 323 ταῦτα
603 277 643 322 δ)
680 277 830 335 ῶσπερ
864 284 1044 337 συνέστη
1078 280 1151 323 διὰ
1183 280 1260 337 τὴν
1290 281 1499 335 «ὑμετέραν
1532 278 1759 335 ἀμέλειαν,
1798 285 1868 325 καὶ

220 352 292 391 νιῗν
332 345 628 405 αὐξηθήσεται
669 349 804 390 πλέον
843 345 1179 403 ὑπερθεμένων·
1219 350 1289 391 καὶ
1320 348 1403 404 γὰρ
1433 348 1481 392 τι)
1515 351 1693 407 πλῆθος
1725 346 1870 400 αὐτοῖς

222 418 504 472 ἐπιτρέφεται
526 410 634 456 καθ)
661 412 823 472 ἡμέραν
845 415 1013 465 παντὸς
1034 418 1229 473 πονηροῦ
1254 415 1369 468 πρὸς
1398 415 1500 466 τούς
1530 414 1711 470 ὁμοίους
1743 413 1871 459 αυτο-

112 486 188 526 188
220 485 479 537 μολοῦντος,
511 483 583 524 καὶ
613 481 690 539 την
721 483 886 536 τόλμαν
919 482 1100 533 ἐξάπτει
1130 486 1253 538 μέχρι
1284 485 1357 525 νῦν
1388 483 1521 539 μηδὲν
1553 483 1778 538 ἐμπόδιον,
1810 486 1873 539 τῷ

217 567 264 592 τε
302 549 427 604 τόπῳ
467 549 756 603 καθύπερθεν
796 547 918 600 ὄντες
952 549 1188 607 χρήσαιντο
1228 552 1300 593 καὶ
1340 549 1449 604 μετὰ
1480 553 1777 608 παρασκευῆς,
1820 544 1871 593 ἂν

114 621 190 661 189
221 617 344 675 ἡμεῖς
386 616 540 671 χρόνον
581 616 736 670 δῶμεν.
796 617 1062 659 πιστεύσατε
1102 618 1148 659 δὲ
1187 615 1265 669 ὡς,
1305 616 1380 659 ἐὰν
1417 621 1755 672 προσβαίνωμεν
1794 614 1866 659 ἐπ’

221 681 397 736 αὐτούς,
439 683 612 726 ἔσονται
654 686 707 740 τῇ
747 684 993 739 συνειδήσει
1022 685 1349 740 ταπεινότεροι,
1388 687 1459 727 καὶ
1490 684 1538 727 τὸ
1573 685 1871 741 πλεονέκτημα

112 757 188 796 190
219 755 295 794 τοῦ
340 747 482 805 ἵψους
521 748 542 793 ὁ
586 751 795 806 λογισμὸς
833 748 1005 794 ἆπολεῖ.
1066 751 1177 804 τάχα
1216 751 1263 794 τὸ
1305 756 1431 794 θεῖον
1467 750 1728 806 ὑβρισμένον
1765 748 1871 794 ἂνα-

219 823 401 873 στρέψει
431 814 527 860 κατ’
564 815 707 861 αὐτῶν
737 819 792 860 τὰ
823 819 1096 874 βαλλόμενα,
1128 822 1196 861 καὶ
1229 828 1322 869 τοῖς
1354 822 1585 875 σφετέροις
1615 819 1871 876 διαφθαρή-

220 903 373 930 σονται
410 887 582 940 βέλεσιν
622 887 664 928 οἱ
705 886 942 940 δυσσεβεῖς.
1003 886 1137 940 μόνον
1176 883 1392 942 ὀφθῶμεν
1429 883 1598 939 αὐτοῖς,
1638 890 1707 929 καὶ
1739 905 1872 929 κατα-

111 958 185 997 191
221 955 434 997 λέλυνται.
493 952 626 995 καλὸν
669 953 736 1005 δέ,
775 946 854 994 κᾶν
894 956 1041 1009 προσῇ
1079 971 1146 1004 τις
1175 955 1390 1007 κίνδυνος,
1433 950 1733 1011 ἀποθνήσκειν
1764 952 1876 1008 πρὸς

219 1031 313 1071 τοῖς
336 1022 469 1077 ἱεροῖς
496 1021 669 1062 πυλῶσι
701 1023 772 1063 καὶ
804 1019 882 1078 τὴν
915 1020 1055 1078 ψυχὴν
1087 1021 1125 1063 εἰ
1155 1023 1224 1063 καὶ
1257 1021 1313 1076 μὴ
1349 1020 1434 1075 πρὸ
1467 1022 1642 1064 παίδων
1672 1022 1696 1079 ἢ
1728 1037 1876 1076 γυναι-

112 1092 190 1133 192
220 1092 327 1141 κῶν,
366 1083 463 1130 ἀλλ’
500 1085 610 1142 [ἕπερ
642 1090 731 1129 ἰοῦ·
751 1091 860 1130 θεοῦ
892 1090 964 1130 καὶ
995 1091 1081 1130 τῶν
1113 1086 1248 1144 ἁγίων
1280 1092 1520 1143 προέσθαι.
1570 1088 1873 1145 προστήσομαι

221 1152 261 1199 δ’
290 1155 369 1212 ε’γῶ
401 1151 545 1210 γνώμῃ
578 1171 625 1196 τε
655 1156 728 1196 καὶ
756 1159 883 1210 χειρί,
916 1157 984 1198 καὶ
1020 1153 1120 1198 οὔτε
1151 1155 1326 1198 ἐπίνοιά
1358 1173 1425 1206 τις
1454 1154 1554 1210 ’ὗμῑν
1586 1157 1733 1210 λείψει
1764 1154 1877 1211 πρὸς

222 1219 469 1280 ἀσφάλειαν
501 1221 547 1271 ἐξ
576 1220 697 1278 ἡμῶν
730 1219 828 1264 οὔτε
858 1225 934 1265 τοῦ
967 1223 1170 1276 σώματος
1201 1220 1377 1278 ὄψεσθε
1408 1224 1712 1280 φειδόμενον.“

116 1294 193 1334 193
340 1295 403 1332 11.
441 1289 624 1340 Τούτοις
655 1287 675 1332 ὃ
700 1287 885 1340 ’Ἀνανος
916 1300 1184 1344 παρακροτεῖ
1214 1290 1261 1333 τὸ
1295 1293 1472 1349 πλῆθος
1504 1291 1579 1334 ἐπὶ
1609 1289 1711 1340 τοὺς
1742 1290 1876 1347 ζηλω-

221 1357 311 1409 τάς,
345 1353 419 1399 οὐκ
442 1353 608 1411 ἀγνοῶν
629 1357 706 1410 μὲν
738 1356 796 1407 ῶς
829 1355 912 1400 εἶεν
947 1354 1022 1415 ἤδη
1057 1358 1373 1401 δυσκατάλυτοι
1404 1358 1571 1416 πλήθει
1603 1375 1650 1401 τε
1679 1360 1750 1401 καὶ
1782 1357 1877 1400 νεό-

221 1442 317 1481 τητι
339 1426 410 1467 καὶ
432 1425 745 1480 παραστήματι
769 1427 920 1482 ψυχῆς,
952 1424 1000 1467 τὸ
1025 1427 1161 1467 πλέον
1184 1426 1229 1468 δὲ
1261 1426 1505 1482 συνειδήσει
1535 1427 1620 1468 τῶν
1651 1425 1878 1481 εἰργασμέ-

223 1505 327 1534 νων·
357 1487 405 1534 οὗ
426 1490 507 1546 γὰρ
531 1490 735 1533 ἐνδώσειν
759 1488 916 1542 αὐτοὺς
938 1492 1000 1542 εἰς
1023 1492 1204 1549 ἐσχάτην
1228 1493 1478 1550 συγγνώμην
1501 1489 1573 1551 ἐφ)
1602 1492 1667 1542 οἷς
1689 1492 1877 1546 ἔδρασαν

117 1563 194 1602 194
226 1558 508 1608 ἐλπίσαντας·
562 1553 681 1611 ὅμως
727 1558 773 1601 δὲ
820 1562 908 1602 πᾶν
953 1557 1101 1602 ὁτιοῦν
1146 1564 1315 1603 παθεῖν
1361 1562 1596 1616 προῃρεῖτο
1640 1561 1806 1614 μαλλον
1851 1552 1877 1616 ἢ

116 1631 193 1670 195
225 1626 441 1680 περιιδεῖν
481 1624 523 1667 ἐν
563 1624 741 1680 τοιαύτῃ
772 1625 827 1668 τὰ
859 1627 1097 1682 πράγματα
1130 1627 1340 1682 συγχύσει.
1390 1627 1438 1669 τὸ
1473 1628 1519 1670 δὲ
1549 1629 1725 1684 πλῆθος
1757 1624 1875 1682 ἄγειν

226 1689 382 1742 αὐτοὺς
421 1692 526 1746 ἐβόα
564 1688 672 1734 καθ)
716 1688 776 1734 ῶν
816 1694 1075 1747 παρεκάλει,
1115 1696 1188 1737 καὶ
1227 1695 1577 1749 προκινδυνεύειν
1618 1695 1797 1744 ἕκαστος
1826 1684 1878 1750 ἦν

227 1759 525 1813 ἑτοιμότατος.

117 1832 195 1872 196
343 1830 407 1869 12.
434 1822 500 1869 Ἐν
522 1822 613 1882 ὅσῳ
645 1827 691 1868 δὲ
723 1823 942 1876 ὁ)Ἀνανος
972 1828 1172 1882 κατέλεγέ
1201 1844 1248 1869 τε
1277 1829 1349 1870 καὶ
1381 1831 1617 1870 συνέτασσε
1646 1828 1747 1879 τοὺς
1778 1828 1877 1871 ἐπι-

1531 1938 1552 1956 Α

338 2016 864 2061 PAMLVRCLatHegesippus
888 2018 920 2052 V
946 2020 964 2051 2
990 2028 1024 2061 p.
1051 2020 1127 2052 279.

342 2075 356 2107 1
384 2072 422 2108 δὲ
445 2072 540 2108 VRC
632 2069 818 2119 ἡμετέραν
841 2073 906 2107 AV
1000 2076 1018 2107 2
1043 2076 1199 2118 πλῆθος]
1225 2076 1297 2118 πλη
1322 2074 1348 2108 C
1429 2077 1447 2107 3
1473 2072 1738 2121 ἐπιστρέφεται
1763 2075 1811 2108 L¹

229 2129 338 2175 πρὸς]
363 2130 425 2164 καὶ
450 2128 552 2174 πρὸσ
575 2129 623 2162 L¹
760 2125 1071 2172 αὖτομολοῦντασ
1095 2128 1161 2162 ΜΟ
1298 2133 1318 2164 4
1343 2127 1515 2172 ἐξάπτειν
1539 2130 1630 2164 PAL
1745 2133 1800 2179 τῷ
1824 2135 1876 2173 τε]

229 2183 317 2222 τότε
343 2184 399 2219 PC
514 2189 533 2219 5
558 2182 779 2231 καθύπερθε
805 2185 851 2219 L¹
963 2183 1181 2232 χρήσαιντο]
1206 2190 1351 2220 utentur
1373 2186 1453 2227 Lat,
1476 2184 1682 2232 χρήσονται
1706 2190 1770 2221 aut
1791 2183 1879 2233 χρή-

230 2237 354 2278 σαιντ’
380 2238 428 2277 ἄν
445 2241 669 2276 scribendum
686 2241 757 2276 uid.
826 2241 921 2285 μετὰ
940 2241 962 2276 i.
981 2252 1052 2277 ras.
1070 2241 1103 2276 V
1172 2243 1191 2274 6
1220 2260 1227 2266 -
1249 2239 1498 2283 -πιστεύσατε,
1521 2251 1612 2276 eras.
1632 2242 1704 2276 uid.
1722 2240 1768 2286 ἐμ
1782 2242 1811 2275 L

228 2294 264 2333 δ’
289 2298 319 2332 L
412 2298 681 2344 προβαίνωμεν
705 2297 764 2332 LC
855 2293 931 2339 ἐπ’]
957 2294 1060 2342 πρὸσ
1083 2298 1113 2331 L
1228 2301 1245 2331 7
1272 2292 1404 2332 αὐτοῖσ
1427 2297 1492 2331 VR
1609 2301 1646 2332 11
1673 2299 1809 2343 προσῆ,
1834 2310 1880 2333 οσ

229 2364 271 2388 ex
297 2364 387 2388 corr.
413 2353 452 2388 M
546 2356 586 2388 12
610 2353 658 2398 μὴ
684 2363 752 2388 om.
779 2353 816 2387 M
907 2351 940 2399 ἢ]
965 2356 1028 2389 καὶ
1052 2353 1081 2387 L
1105 2357 1139 2387 et
1161 2353 1232 2387 Lat
1326 2355 1363 2386 13
1389 2350 1579 2398 πρόεσθαι
1604 2354 1636 2388 V
1719 2350 1880 2399 προστή-

229 2413 357 2454 σομαι]
376 2409 559 2455 praebebo
583 2409 654 2443 Lat
750 2412 790 2444 14
814 2409 852 2445 δὲ
876 2410 942 2444 VR
1037 2404 1121 2445 οὔτ’
1145 2409 1174 2442 L
1265 2404 1351 2452 ὑμῖν
1373 2418 1439 2443 om.
1469 2409 1494 2442 C
1605 2412 1643 2443 15
1670 2406 1768 2451 οὔτε]
1794 2406 1880 2445 οὔτε

227 2479 273 2510 με
298 2465 511 2500 Herwerden
604 2463 772 2511 ὄψεσθαι
795 2466 906 2500 AV¹G
1020 2467 1060 2499 16
1078 2462 1233 2505 Ἄνανος]
1261 2461 1404 2500 α’νονοσ
1428 2474 1471 2498 ex
1495 2461 1645 2508 ἄνομοσ
1668 2475 1760 2499 corr.
1787 2465 1813 2500 C

230 2518 459 2567 παρεκρότει
484 2521 514 2554 L
632 2525 670 2555 17
697 2519 977 2562 δυσκατάλυτοι]
1003 2517 1300 2566 δυσκατάληπτοι
1324 2520 1357 2554 V
1484 2523 1523 2555 18
1549 2518 1739 2566 συνηδήσει
1764 2520 1791 2554 P

234 2582 273 2612 19
301 2573 345 2613 οὗ
370 2598 411 2602 -
438 2580 478 2611 20
504 2575 744 2619 ἐλπίσαντας]
778 2588 842 2612 nec
871 2577 965 2612 enim
990 2587 1194 2612 concessum
1227 2578 1275 2611 iri
1304 2581 1501 2610 extremam
1532 2577 1673 2610 ueniam
1703 2576 1759 2610 his
1789 2587 1882 2621 quac

228 2638 533 2678 perpetraverant
556 2633 755 2678 sperabant
778 2633 849 2667 Lat
951 2631 1121 2668 ἐνδόσειν
1146 2632 1177 2666 R
1201 2630 1355 2667 ἐνὸώσιν
1378 2635 1419 2665 ut
1440 2631 1512 2666 uid.
1537 2631 1586 2665 V¹
1699 2631 1751 2674 εἰς
1774 2629 1881 2677 ἐσχά-

230 2691 308 2733 την]
336 2688 436 2722 coddv
464 2687 516 2730 εἰς
541 2685 703 2733 ἔσχατον
728 2699 772 2723 ex
789 2689 867 2724 cod.
884 2688 989 2724 Voss.
1014 2689 1162 2723 Hudson
1179 2685 1341 2734 ἐσχάτην
1357 2687 1530 2722 Destinon
1599 2689 1641 2720 20
1657 2685 1883 2724 ἐλπίσαντεσ

230 2744 324 2778 PAL
350 2741 633 2785 οἷπελπίσαντας
657 2744 830 2778 Destinon
856 2745 899 2779 cl.
924 2745 956 2780 V
982 2747 1046 2780 354
1144 2744 1182 2780 δὲ
1206 2754 1274 2778 om.
1298 2744 1332 2777 A
1444 2745 1663 2788 προῃρεῖτο]
1689 2740 1881 2789 προῄρητο

230 2798 337 2833 MVR
361 2805 576 2844 προειρεῖτο
603 2799 629 2833 C
722 2801 760 2833 21
789 2798 954 2846 τοσαύτη
977 2800 1007 2834 L
1121 2797 1306 2844 συγχήσει,
1329 2812 1352 2844 γ
1377 2809 1421 2832 ex
1443 2811 1466 2843 χ
1492 2808 1583 2833 corr.
1609 2799 1635 2833 C
1750 2801 1792 2833 22
1817 2793 1882 2841 ὦν]

233 2851 278 2890 ὃν
303 2855 328 2889 G
421 2857 462 2888 23
488 2852 741 2898 ἑτοιμότατοσ
765 2850 809 2900 ἦν
833 2859 877 2890 tr.
903 2856 932 2889 L
1026 2858 1069 2889 24
1092 2855 1114 2890 i.
1139 2865 1246 2897 marg.
1273 2853 1317 2889 ιδ’
1346 2854 1371 2888 G
1477 2853 1689 2900 κατέλεγε·,
1713 2867 1730 2891 ε
1755 2858 1837 2890 ante
1860 2869 1884 2901 γ

230 2911 252 2945 i.
279 2920 349 2945 ras.
374 2921 418 2944 m.
446 2912 477 2952 2,
503 2919 593 2945 eras.
619 2924 639 2946 ν
662 2910 692 2944 L
785 2924 823 2947 τε
848 2911 956 2946 iterat
980 2912 1008 2946 P
1103 2910 1279 2952 συνέταξε
1302 2913 1342 2944 ut
1366 2910 1438 2944 uid.
1462 2910 1508 2944 L¹

1903 894 1939 928 10

1906 1230 1942 1263 15

1907 1566 1944 1598 20
