2018 3236
238 165 317 202 306
616 156 683 190 DE
707 152 865 189 BELLO
890 150 986 186 IUD.
1013 149 1066 183 III
1091 149 1268 184 234—242
1291 149 1351 188 (vn
1378 151 1428 177 22.
1456 146 1510 186 23)

239 293 362 332 μενοι
406 274 493 325 πῦρ
539 269 674 311 πάλιν
718 265 773 307 τὰ
817 261 1104 320 μηχανήματα
1147 261 1220 302 καὶ
1263 257 1342 307 τὰς
1384 254 1621 305 ὑποδύσεις
1662 249 1752 308 ἅμα
1790 263 1882 303 τοῖς

241 344 381 398 ἔργοις
402 337 585 394 ὗφῆψαν
606 336 683 376 τοῦ
714 349 760 374 τε
790 334 995 384 πέμπτου
1026 330 1096 370 καὶ
1128 329 1205 369 τοῦ
1237 324 1416 367 δεκάτου
1447 325 1689 378 τραπέντος
1717 320 1883 375 τάγμα-

241 425 325 458 τος,
359 407 399 449 οἱ
422 405 573 447 λοιποὶ
600 402 645 444 δὲ
677 400 934 457 φθάσαντες
963 398 1033 438 καὶ
1065 393 1119 436 τὰ
1151 391 1314 448 ὄργανα
1343 393 1416 434 καὶ
1448 392 1596 432 πᾶσαν
1626 383 1730 444 ῧλην
1758 389 1883 429 κατέ-

129 482 210 521 235
239 490 398 529 χωσαν.
459 472 559 526 περὶ
603 469 648 510 δὲ
689 468 834 523 δείλην
873 464 1008 506 πάλιν
1047 459 1369 517 ἀναστήσαντες
1408 459 1629 514 προσῆγον
1658 454 1734 497 τὸν
1764 451 1884 507 κριὸν

128 549 208 589 236

134 1222 214 1261 239

139 1556 219 1595 240

238 547 263 599 ᾑ
303 537 636 595 προπεπονήκει
665 533 937 588 τυπτόμενον
968 529 1016 573 τὸ
1048 538 1200 582 τεῖχος.
1252 525 1364 568 ἔνθα
1393 541 1459 574 τις
1488 526 1575 565 τῶν
1606 518 1886 576 ἀμυνομένων

243 605 323 651 ἆπ)
371 603 503 649 αὐτοῦ
542 600 693 658 βάλλει
732 600 807 643 τὸν
845 595 1182 644 Οὐεσπασιανὸν
1219 594 1336 648 βέλει
1374 589 1485 633 κατὰ
1514 588 1590 631 τὸν
1619 586 1781 643 ταρσὸν
1810 587 1886 628 τοῦ

241 674 381 724 ποδὸς
423 674 496 715 καὶ
540 669 768 725 τιτρώσκει
813 668 891 722 μὲν
932 665 1210 712 ἐπιπολαίως
1248 658 1597 714 προεκλύσαντος
1635 655 1683 697 τὸ
1723 653 1889 710 βληθὲν

242 746 318 786 τοῦ
351 739 669 797 διαστήματος,
702 738 905 790 μέγιστον
938 733 983 774 δὲ
1014 731 1208 785 θόρυβον
1239 727 1494 782 ἐνεποίησεν
1524 733 1616 773 τοῖς
1642 720 1888 774 Ῥωμαίοις·

244 809 357 866 πρὸς
396 807 476 864 γὰρ
515 805 563 848 τὸ
607 804 714 858 αἷμα
754 803 1063 856 ταραχθέντων
1101 799 1188 839 τῶν
1227 796 1417 850 πλησίον
1458 791 1578 848 φήμη
1620 788 1692 832 διὰ
1724 786 1891 836 παντὸς

245 877 372 934 ἐπῄει
410 877 487 918 τοῦ
519 874 728 928 στρατοῦ,
767 871 837 911 καὶ
870 870 946 924 τῆς
977 866 1236 919 πολιορκίας
1268 862 1309 904 οἱ
1340 862 1519 908 πλείους
1551 854 1761 914 ἀφέμενοι
1791 849 1886 908 μετ’

245 943 489 1001 ἐκπλήξεως
509 943 581 983 καὶ
604 940 725 988 δέους
757 937 829 979 ἐπὶ
863 934 938 977 τὸν
971 929 1210 988 στρατηγὸν
1243 931 1466 971 συνέθεον.
1517 923 1603 979 πρὸ
1637 924 1682 965 δὲ
1714 919 1891 964 πάντων

250 1016 380 1061 Τίτος
422 1010 569 1057 δείσας
610 1008 712 1059 περὶ
751 1007 812 1059 τῷ
845 1003 981 1054 πατρὶ
1013 1001 1179 1053 παρῆν,
1220 994 1278 1045 ὡς
1308 996 1355 1037 τὸ
1389 995 1565 1050 πλῆθος
1594 993 1666 1033 καὶ
1697 992 1749 1046 τῇ
1781 986 1892 1043 πρὸς

244 1079 320 1122 τὸν
372 1075 609 1134 ἡγούμενον
663 1070 811 1127 εὐνοίᾳ
858 1071 930 1111 καὶ
975 1069 1027 1122 τῇ
1070 1068 1147 1108 τοῦ
1193 1062 1356 1112 παιδὸς
1401 1057 1567 1116 ἀγωνίᾳ
1612 1058 1892 1113 συγχυθῆναι.

246 1148 384 1204 ῥᾷστα
428 1147 577 1198 μέντοι
621 1141 697 1183 τόν
740 1156 786 1181 τε
831 1135 925 1179 υἱὸν
971 1131 992 1176 ὃ
1040 1132 1186 1188 πατὴρ
1233 1129 1408 1172 δεδιότα
1452 1129 1525 1170 καὶ
1568 1124 1644 1182 τὴν
1685 1121 1894 1177 στρατιὰν

247 1214 435 1255 1ε’παυσεν
474 1213 550 1253 τοῦ
588 1210 804 1262 θορύβου·
845 1206 930 1246 τῶν
967 1201 1048 1258 γὰρ
1091 1197 1335 1255 ἀλγηδόνων
1377 1195 1526 1238 ἐπάνω
1564 1191 1793 1248 γενόμενος
1822 1189 1893 1231 καὶ

248 1284 385 1323 πᾶσιν
428 1287 521 1328 τοῖς
562 1277 848 1331 ἐπτοημένοις
886 1266 945 1313 δι’
991 1265 1121 1311 αὐτὸν
1161 1263 1361 1322 ὀφθῆναι
1401 1257 1658 1308 σπουδάσας
1695 1253 1895 1311 χαλεπώ-

249 1364 371 1401 τερον
389 1342 618 1393 Ἰουδαίοις
644 1342 803 1396 ἐπῆρεν
833 1338 909 1381 τὸν
940 1336 1155 1389 πόλεμον·
1189 1334 1367 1381 ἕκαστος
1397 1328 1478 1385 γὰρ
1511 1325 1567 1377 ὠς
1597 1324 1790 1379 τιμωρὸς
1818 1324 1896 1364 τοῦ

250 1416 490 1471 στρατηγοῦ
512 1407 863 1465 προκινδυνεύειν
885 1402 1057 1462 ἤθελεν,
1089 1403 1158 1443 καὶ
1182 1402 1263 1455 βοῇ
1285 1397 1660 1452 παρακροτοῦντες
1686 1388 1897 1446 ἀλλήλους

252 1483 325 1525 ἐπὶ
356 1481 404 1524 τὸ
437 1490 578 1533 τεῖχος
609 1474 779 1532 ὥρμων.

363 1552 429 1592 23.
478 1547 531 1589 Οἱ
570 1545 615 1587 δὲ
647 1546 747 1597 περὶ
779 1541 854 1583 τὸν
879 1537 1092 1595 Ἰώσηπον
1122 1538 1279 1586 καίπερ
1312 1527 1385 1573 ἐπ’
1422 1525 1627 1586 ἀλλήλοις
1656 1529 1899 1572 πίπτοντες

250 1614 336 1658 ’ὑπὸ
377 1617 463 1657 τῶν
500 1611 828 1655 καταπελτικῶν
865 1608 937 1649 καὶ
974 1607 1061 1646 τῶν
1101 1599 1402 1655 πετροβόλων,
1442 1592 1561 1650 ὅμως
1600 1589 1673 1637 οὐκ
1714 1588 1899 1643 ἀπετρέ-

254 1699 390 1726 ποντο
411 1683 486 1723 τοῦ
508 1684 688 1732 τείχους,
721 1673 833 1718 ἀλλὰ
860 1674 964 1727 πυρὶ
996 1673 1068 1713 καὶ
1101 1668 1264 1725 σιδήρῳ
1295 1668 1366 1708 καὶ
1398 1667 1578 1718 πέτροις
1607 1659 1709 1709 τούς
1740 1658 1815 1701 ἐπὶ
1845 1656 1899 1699 τὰ

254 1753 385 1805 γέρρα
429 1747 505 1790 τὸν
543 1747 664 1801 κριὸν
705 1743 1024 1797 ἐπιβρίθοντας
1063 1737 1258 1791 ἔβαλλον.
1317 1734 1389 1774 καὶ
1427 1728 1555 1785 ἤνυον
1593 1729 1672 1782 μὲν
1711 1722 1835 1769 οὐδὲν
1879 1717 1901 1780 ἢ

254 1817 427 1872 μικρόν,
461 1810 582 1857 αὐτοὶ
617 1812 662 1854 δὲ
695 1807 992 1856 ἀδιαλείπτως
1024 1804 1214 1846 ἔπιπτον
1244 1798 1330 1842 ὑπὸ
1363 1797 1419 1853 μη
1450 1797 1733 1850 βλεπομένων
1762 1795 1902 1835 καθο-

256 1884 462 1941 ρώμενοι·
505 1878 628 1923 ‹xl-zoi
667 1895 714 1920 τε
743 1877 824 1932 γὰρ
856 1873 942 1917 ὑπὸ
975 1874 1051 1927 τῆς
1083 1871 1298 1927 σφετέρας
1328 1862 1711 1919 περιλαμπόμενοι
1742 1857 1904 1915 φλογὸς

368 1999 904 2043 PAMLVRCLatHegesippus
929 1995 980 2029 III
1007 1996 1046 2027 12
1072 2005 1105 2038 p.
1137 1995 1195 2026 190
1222 1989 1347 2025 Suidas
1371 1998 1399 2022 s.
1425 1985 1663 2025 ἐπιπολαίως.

371 2066 387 2098 1
414 2065 487 2106 πῦρ
512 2059 635 2100 πάλιν]
662 2055 774 2093 πάλιν
800 2057 873 2099 πῦρ
891 2051 949 2086 LC
975 2047 1069 2086 πολὺ
1094 2052 1168 2093 πῦρ
1185 2047 1251 2081 VR
1276 2045 1417 2090 (raptis)
1441 2042 1584 2087 iqm'bus
1600 2041 1669 2074 Lat
1761 2032 1838 2081 ἅμα
1864 2057 1904 2061 -

258 2123 276 2154 2
302 2116 505 2165 τάγματος]
530 2127 607 2152 cum
632 2113 800 2160 operibus
825 2110 970 2154 quintae
994 2107 1147 2150 itemque
1171 2103 1327 2138 decimae
1351 2104 1384 2134 et
1409 2099 1485 2133 eius
1509 2107 1601 2142 quae
1626 2101 1728 2140 terqa
1760 2092 1908 2127 dederat

259 2175 411 2220 Zeqionis
421 2170 691 2209 incendzthat
754 2170 772 2201 2
785 2164 920 2212 ἔργοις]
934 2160 1134 2208 πύργοισῩ
1196 2157 1367 2202 πέμπτου
1378 2156 1441 2190 καὶ
1454 2155 1522 2189 τοῦ
1534 2148 1702 2191 δεκάτου]
1717 2162 1909 2185 πεντεκαι-

260 2229 418 2268 δεκάτου
440 2227 610 2263 Cardwen
694 2229 713 2259 3
740 2223 777 2260 δὲ
801 2233 869 2257 om.
895 2217 1028 2254 MVRG
1113 2219 1133 2249 4
1158 2216 1243 2260 περὶ
1268 2232 1308 2237 —-
1333 2207 1454 2257 κριὸν]
1479 2218 1606 2242 rursus
1629 2210 1745 2241 autem
1769 2203 1910 2239 romani

254 2293 341 2334 post
365 2285 546 2320 meridiem
570 2286 724 2317 erectum
749 2279 896 2313 arielem
921 2296 963 2299 —
988 2272 1207 2319 appulerunt
1230 2269 1300 2303 Lat
1415 2263 1526 2302 πάλιν
1550 2274 1618 2299 om.
1642 2260 1738 2296 VRC
1841 2256 1911 2294 τὸν

259 2340 381 2390 κριὸν]
406 2342 445 2376 Μ
476 2337 587 2376 πάλιν
617 2335 687 2374 τὸν
717 2331 826 2380 κριὸν
850 2332 943 2366 PAL
968 2326 1037 2365 τὸν
1060 2325 1170 2374 κριὸν
1194 2323 1305 2361 πάλιν
1328 2322 1422 2357 VRC
1561 2324 1578 2353 5
1604 2313 1637 2365 ᾗ]
1663 2315 1685 2363 ἢ
1708 2318 1740 2352 V
1773 2310 1793 2361 ἦ
1818 2312 1910 2363 πρό-

262 2412 373 2445 τερον
400 2398 427 2432 P
568 2399 585 2428 7
619 2388 816 2438 τιτρώσκει
839 2409 882 2414 -
907 2390 927 2422 8
959 2382 1208 2430 διαστήματος
1239 2380 1348 2414 habet
1372 2378 1457 2412 Suid
1489 2387 1517 2411 s.
1547 2374 1778 2415 ἐπιπολαίως

263 2453 477 2491 ἐπιπολέωσ
513 2452 591 2485 P¹A
626 2445 841 2485 ἐπιπόλεωσ
877 2442 961 2477 V¹R
1098 2442 1116 2473 8
1153 2437 1326 2474 ἐνεποίσε
1362 2433 1387 2467 C
1528 2435 1566 2465 10
1603 2427 1717 2476 ἐπῄει]
1752 2428 1848 2464 ἐπιέι
1879 2428 1911 2461 Α

264 2510 438 2555 ἐμπίπτει
461 2506 557 2542 VRC
583 2505 742 2540 cucurrit
757 2503 828 2536 Lat
896 2500 963 2534 τοῦ
989 2498 1166 2542 στρατοῦ]
1184 2492 1316 2528 PAML
1327 2490 1396 2524 Lat
1413 2487 1473 2524 ἐπὶ
1498 2491 1541 2532 τῆ
1566 2488 1685 2532 πληγῇ
1710 2487 1776 2520 τοῦ
1800 2497 1910 2530 στρα-

265 2568 379 2612 τηγοῦ
413 2563 508 2599 VRC
649 2563 684 2594 11
725 2555 800 2604 πρὸ
840 2567 883 2590 ex
918 2549 1019 2600 πρὸσ
1057 2562 1145 2586 corr.
1184 2549 1209 2583 C
1349 2548 1389 2579 12
1426 2541 1534 2591 πρὸς]
1571 2543 1655 2587 περὶ
1685 2540 1778 2575 VRC
1815 2540 1911 2573 circa

266 2622 335 2656 Lat
474 2622 514 2652 14
538 2617 678 2661 μέντοι]
702 2614 771 2658 μὲν
795 2613 852 2647 ΡΟ
991 2611 1030 2642 16
1056 2604 1313 2651 ἕπτωημένοισ
1339 2601 1363 2634 C
1504 2602 1542 2632 17
1568 2596 1716 2642 ἐπῆρεν]
1741 2593 1912 2641 ἐπήγειρε

266 2675 432 2711 MLVRC
565 2675 604 2707 18
629 2664 954 2717 προκινδυνεύσειν
976 2664 1007 2699 L
1146 2665 1184 2696 19
1210 2653 1361 2706 ὥρμουν
1384 2655 1495 2690 VRC¹
1608 2655 1649 2686 20
1675 2648 1751 2693 ἐπ’]
1776 2647 1841 2688 ὑπ’
1865 2651 1911 2684 L¹

269 2728 340 2769 ἀπ’
364 2732 396 2765 V
489 2733 525 2763 21
562 2723 812 2773 πτεροβόλων
835 2723 868 2757 R
959 2723 1001 2754 22
1031 2721 1130 2765 πυρὶ]
1155 2719 1217 2752 καὶ
1241 2715 1328 2760 πυρὶ
1351 2713 1384 2747 V
1477 2710 1649 2756 πέτροισ,
1680 2707 1719 2742 έτ
1743 2718 1770 2742 s.
1797 2707 1822 2740 C

268 2787 328 2824 ἐπὶ
354 2784 398 2823 τὰ
425 2786 554 2831 γέρρα]
573 2783 732 2830 protecti
754 2780 886 2826 pluteis
902 2778 972 2811 Lat
995 2772 1068 2812 ὑπὸ
1095 2771 1140 2809 τὰ
1166 2771 1282 2817 γέρρα
1308 2767 1483 2802 Destinon
1575 2767 1615 2799 23
1640 2760 1770 2809 ἦνοιον
1793 2763 1826 2797 R

269 2847 311 2879 24
336 2843 385 2884 δὲ]
412 2853 454 2876 ex
481 2841 519 2876 τὲ
545 2849 635 2874 corr.
654 2838 685 2871 V
710 2832 746 2872 δ’
765 2836 791 2870 C
882 2830 968 2874 ὑπὸ]
993 2828 1066 2868 ὑπὸ
1093 2832 1169 2865 τῶν
1186 2828 1224 2862 Μ
1316 2826 1356 2858 25
1383 2816 1751 2867 περιλαμβανόμενοι
1773 2817 1916 2852 PAL¹R

269 2899 482 2935 collucentes
507 2896 576 2929 Lat

1924 861 1959 894 10

1926 1196 1962 1229 15

1930 1533 1967 1564 20
