2018 3236
121 466 198 505 116

122 666 200 705 117

121 800 198 839 118
238 791 256 806 ²*

122 1070 198 1109 119

123 1205 200 1245 120

128 1542 200 1581 121

231 149 310 186 362
615 147 678 180 DE
700 146 862 197 BELLO
887 146 981 180 IUD.
1008 145 1058 180 IV
1086 148 1257 179 115—121
1285 147 1321 187 (ιι
1349 152 1375 176 5.
1402 148 1439 176 111
1468 150 1496 185 1)

228 261 303 304 τὸν
333 261 411 314 μὲν
443 255 491 300 οὗ
521 257 944 311 καταλαμβάνουσιν,
978 257 1098 313 ἔφθη
1129 256 1210 312 γὰρ
1243 256 1305 306 εἷς
1330 254 1611 310 Ἱεροσόλυμα
1643 256 1877 312 διαφυγών,

228 331 313 370 τιῦν
354 327 399 368 δὲ
431 324 777 377 συναπαράντων
810 320 1121 366 ἀποκτείνουσι
1151 324 1228 377 μὲν
1261 323 1322 373 εἰς
1354 322 1686 375 ἑξακισχιλίους,
1725 323 1880 378 γύναια

230 396 275 437 δὲ
295 395 367 435 καὶ
388 392 550 434 παιδία
570 392 822 444 τρισχιλίων
844 387 991 446 ὀλίγον
1014 387 1263 433 ἀποδέοντα
1284 391 1625 445 περιελάσαντες
1657 386 1880 447 ἀνήγαγον.

230 459 251 504 ὃ
294 461 340 502 δὲ
378 464 507 508 Τίτος
544 456 707 515 ἤχθετο
738 459 815 512 μὲν
849 458 922 501 ἐπὶ
954 461 1016 513 τῷ
1046 458 1104 515 μὴ
1137 460 1402 515 παραχρῆμα
1431 457 1776 514 τιμωρήσασθαι
1805 456 1882 499 τὸν

232 596 338 649 ἔχων
376 593 426 636 τι)
469 594 647 648 πλῆθος
685 595 770 634 τῶν
811 592 1096 646 αἰχμαλώτων
1126 593 1196 633 καὶ
1229 591 1330 641 τοὺς
1362 591 1715 648 διεφθαρμένους
1747 591 1885 648 εἰσῄει

231 680 277 705 τε
300 658 683 718 ἀνευφημούμενος
707 660 767 710 εἰς
797 660 874 716 τὴν
907 659 1050 711 πόλιν,
1082 661 1154 701 καὶ
1184 668 1277 708 τοῖς
1310 657 1601 714 στρατιώταις
1631 654 1777 713 ὀλίγον
1807 660 1884 700 τοῦ

229 734 396 782 τείχους
436 728 736 782 παρασπάσαι
773 727 978 777 κελεύσας
1017 726 1136 781 νόμῳ
1166 725 1455 783 καταλήψεως
1488 724 1691 776 ἀπειλαῖς
1720 727 1885 780 μᾶλλον

229 816 253 853 η
277 796 453 839 κολάσει
478 795 580 845 τοὺς
610 795 912 850 ταράσσοντας
942 794 1018 851 τὴν
1050 793 1182 836 πόλιν
1215 790 1465 835 ἀνέστελλε·
1498 792 1690 842 πολλοὺς
1719 792 1800 848 γὰρ
1834 786 1884 835 ἂν

228 866 297 906 καὶ
323 863 396 906 διὰ
419 863 472 905 τὰ
502 863 640 905 οἰκεῖα
669 867 775 918 μίση
808 864 878 904 καὶ
913 861 1145 951 διαφοράςζ
1163 861 1279 911 ἰδίας
1312 859 1597 910 ενδείξασθαι
1625 859 1728 909 τοὺς
1759 856 1885 902 ἀναι-

229 936 361 984 τίους,
395 931 432 973 εἰ
465 931 681 985 διακρίνοι
711 929 811 979 τοὺς
843 933 1058 984 τιμωρίας
1090 924 1259 977 ἀξίοις·
1294 924 1470 981 ἄμεινον
1503 923 1543 968 δ
1580 924 1692 970 εἶναι
1722 943 1885 980 μετεω-

231 1016 305 1054 ρον
345 998 388 1040 ἓν
429 998 556 1055 φόβῳ
594 997 669 1039 τὸν
711 997 852 1039 αἴτιον
890 997 1150 1038 καταλιπεῖν
1190 992 1215 1050 ἥ
1250 1012 1349 1037 τινα
1379 997 1465 1037 τῶν
1497 1011 1571 1037 οικ
1603 990 1737 1043 ἀξίων
1769 990 1886 1049 αὐτῶ

231 1066 515 1108 συναπολεῖν·
556 1064 632 1107 τὸν
662 1065 740 1119 μὲν
770 1063 851 1120 γὰρ
883 1064 991 1113 ἴσως
1021 1064 1091 1105 καὶ
1125 1065 1411 1119 σωφρονῆσαι
1442 1061 1529 1104 δέει
1560 1061 1779 1111 κολάσεως
1808 1060 1886 1118 τὴν

231 1133 307 1175 ἐπὶ
344 1141 438 1182 τοῖς
477 1132 761 1189 παρῳχηκόσι
803 1131 1054 1190 συγγνώμην
1094 1129 1372 1183 αἰδούμενον,
1414 1125 1693 1182 ἀδιόρθωτον
1734 1129 1779 1172 δὲ
1809 1129 1887 1187 τὴν

233 1200 308 1243 ἐπὶ
329 1210 422 1250 τοῖς
443 1201 814 1254 παραναλωθεῖσι
842 1203 1058 1253 τιμωρίαν
1090 1195 1215 1239 εἶναι.
1266 1199 1438 1253 φρουρᾷ
1467 1200 1617 1250 με’ντοι
1647 1195 1724 1253 τὴν
1756 1196 1888 1239 πόλιν

231 1264 535 1325 ἠσφαλίσατο,
577 1264 634 1310 δι
680 1263 730 1324 ἧς
765 1266 865 1316 τὀις
895 1282 942 1308 τε
973 1264 1305 1318 νεωτερίζοντας
1337 1263 1505 1320 ἐφέξειν
1535 1266 1608 1306 καὶ
1638 1263 1739 1314 τοὺς
1771 1263 1887 1320 εἰρη-

232 1335 329 1378 νικὰ
366 1337 639 1412 φρονοῦντας
677 1336 1069 1387 θαρραλεωτέρους
1107 1333 1392 1386 καταλείψειν
1432 1330 1619 1384 εμελλεν.
1671 1332 1888 1374 Γαλιλαία

233 1403 311 1457 μὲν
334 1401 407 1445 οὐν
430 1397 567 1451 ου’τως
589 1401 703 1443 εάλω
727 1403 863 1452 πᾶσα,
899 1401 1083 1449 πολλοῖς
1107 1400 1262 1453 ἱδρῶσι
1287 1398 1636 1454 προγιιινάσασα
1653 1395 1889 1452 Ρωμαίους

235 1470 309 1513 επὶ
340 1486 394 1511 τα
421 1467 712 1523 Ἱεροσόλυιια.

347 1538 421 1580 ΙΙΙ.
465 1541 501 1578 1.
533 1533 655 1589 Πρὸς
687 1535 733 1576 δὲ·
763 1533 840 1590 τὴν
873 1534 1046 1576 εἴσοδον
1076 1536 1152 1576 τοῦ
1179 1530 1379 1576 Ἰωάννου
1412 1530 1433 1576 ὁ
1468 1535 1557 1583 πᾶς
1589 1533 1724 1590 δῆμος
1755 1532 1892 1583 ἐξεκέ-

231 1621 354 1657 χυτο,
396 1605 466 1645 καὶ
507 1604 610 1656 περὶ
652 1602 831 1644 ἕκαστον
871 1604 955 1644 τιῦν
988 1601 1363 1657 συμπεφευγότων
1393 1605 1547 1657 μυρίος
1578 1596 1731 1654 ὅμιλος
1762 1615 1890 1656 συνη-

348 1781 877 1825 PAMLVRCLatHegesippus
902 1781 951 1815 IV
977 1784 996 1813 4
1021 1792 1054 1824 p.
1083 1783 1158 1815 230.
1201 1780 1328 1814 Suidas
1354 1792 1380 1814 s
1406 1780 1621 1823 e'r'wemvvm

350 1843 369 1873 2
395 1834 645 1875 α’ποκτένουσι
663 1836 832 1871 PAMVR
857 1833 1045 1873 α’ποκτινι
1041 1849 1130 1871 οισι
1150 1836 1175 1869 C
1247 1840 1266 1870 3
1292 1836 1420 1871 παιδιιι
1438 1846 1480 1869 ex
1497 1838 1622 1870 παιδι-
1646 1854 1653 1860 -
1681 1845 1770 1869 corr
1789 1835 1822 1867 A

237 1895 517 1940 ἑξακισχιλίους]
544 1894 615 1927 duo
640 1893 739 1927 milia
764 1893 916 1935 LatHeg
1036 1887 1131 1937 α’νηγ
1135 1895 1242 1937 αγον]
1268 1884 1467 1937 ἀπήγαγον
1492 1891 1537 1924 L¹
1561 1889 1751 1954 ἐπανῆγον
1777 1890 1801 1925 C

238 1957 259 1987 4
289 1955 354 1999 τῷ]
381 1949 424 1987 τὸ
451 1948 541 1985 PVC
622 1952 640 1981 5
667 1946 775 1984 ἱκανὰ
803 1948 828 1982 G
910 1951 928 1981 6
956 1945 1053 1993 ἔχειν
1079 1947 1104 1981 C
1188 1950 1205 1982 8
1232 1945 1492 1993 παρασπάσαι]
1516 1944 1758 1982 κατασπάσαι
1783 1947 1812 1980 L

237 2040 545 2086 καταλείψεωσν
607 2005 729 2084 μᾶλον
753 2038 779 2072 C
850 2041 869 2071 9
900 2035 1079 2073 κολάσει·
1101 2056 1108 2062 -
1146 2039 1248 2077 (eras.
1282 2036 1353 2071 uid.
1387 2042 1434 2072 σι)
1461 2036 1490 2069 L
1523 2032 1703 2072 κολάσσει
1727 2035 1759 2069 V
1783 2033 1893 2071 κολά-

242 2111 322 2134 σεσι
348 2098 373 2132 C
443 2093 659 2137 πολλοὺς-
680 2099 716 2130 10
752 2090 943 2135 ἀναιτίους
974 2093 1083 2127 habet
1113 2093 1240 2127 Suidas
1310 2091 1382 2138 γὰρ
1415 2089 1473 2132 ἄν]
1505 2088 1578 2138 γὰρ
1603 2090 1750 2125 L¹Suid
1780 2089 1812 2126 δ’
1846 2088 1894 2128 ἄν

240 2153 335 2191 VRC
408 2157 445 2187 10
462 2155 525 2187 καὶ
543 2163 610 2187 om.
626 2151 711 2186 Suid
779 2151 880 2194 μίσει
895 2150 923 2183 Ρ
995 2144 1170 2184 άνετιόυσ
1184 2148 1208 2182 C
1283 2151 1318 2182 11
1340 2148 1567 2193 διακρίνοιτο
1584 2148 1608 2181 C
1680 2147 1716 2183 δὲ
1731 2147 1826 2182 VRC

243 2214 282 2246 12
307 2209 349 2246 ἐν
373 2207 487 2255 φόβω
511 2207 705 2253 μετέωρον
731 2210 773 2241 tr.
801 2206 827 2240 C
919 2208 1160 2241 καταλειπεῖν
1184 2204 1246 2237 PA
1349 2206 1426 2239 τῶν
1452 2199 1520 2239 οὐκ
1544 2198 1668 2245 άξίων]
1695 2201 1764 2239 οὐκ
1789 2200 1894 2246 ἄξιον

241 2301 307 2335 VR
447 2302 484 2332 13
519 2262 744 2333 συναπδλεῖν
780 2300 820 2337 (s,
859 2307 904 2330 m.
938 2299 969 2337 2)
1000 2294 1033 2329 R
1067 2296 1315 2329 συναπελθεῖν
1346 2292 1406 2326 VC
1440 2302 1518 2326 cum
1548 2295 1613 2334 (eo)
1643 2292 1795 2338 perdere
1824 2291 1896 2327 Lat

242 2358 457 2392 συνανελεῖν
490 2354 530 2388 L.
558 2353 712 2388 Dindorf
847 2354 920 2392 καὶ]
951 2348 1023 2387 κᾶν
1048 2350 1188 2383 Bekker
1324 2349 1561 2394 σωφρονίσαι
1585 2348 1614 2382 L
1646 2348 1895 2383 modesliorem

239 2414 406 2457 fullerum
431 2411 516 2452 Lat,
549 2409 641 2443 unde
674 2405 936 2453 σωφρονήσειν
961 2407 1066 2441 Niese
1213 2404 1283 2440 δέει
1309 2425 1349 2429 -
1382 2408 1420 2438 14
1446 2401 1678 2448 αἰδούμενον]
1712 2403 1772 2438 uel
1800 2406 1894 2438 metu

240 2468 413 2514 supplicii
436 2466 494 2501 uel
517 2465 616 2510 quod
644 2465 865 2499 erubesceret
889 2463 958 2497 Lat
1072 2461 1157 2502 δέει]
1188 2462 1315 2507 φόβωι
1348 2458 1419 2495 δέει
1444 2460 1472 2493 L
1554 2494 1556 2497 ,
1588 2460 1658 2496 δέει
1687 2456 1892 2500 κολάσεως]

243 2525 327 2569 δίχα
351 2519 546 2563 κολάσεως
570 2524 632 2555 aut
657 2520 728 2555 δέει
752 2519 946 2561 κολάσεως
970 2516 993 2565 ἢ
1017 2518 1192 2552 Destinon
1266 2519 1303 2549 14
1328 2514 1617 2561 παρωχημὲνοισ
1641 2515 1679 2549 Μ
1757 2512 1893 2560 συγνώ-

241 2593 313 2625 μην
336 2579 369 2613 R
491 2577 527 2613 δὲ
552 2574 630 2622 τὴν]
656 2572 693 2612 δ’
719 2570 763 2621 ἦν
788 2575 833 2608 L¹
859 2575 896 2611 δὲ
922 2581 1006 2610 τοῐσ
1031 2574 1056 2608 G
1199 2576 1234 2606 15
1260 2571 1402 2616 μέντοι]
1427 2571 1495 2615 μὲν
1513 2565 1579 2607 οὖν
1604 2570 1632 2603 L
1657 2570 1695 2606 δὲ
1719 2571 1751 2604 V
1776 2573 1894 2605 tamen

242 2635 313 2669 Lat
386 2637 424 2668 16
450 2631 709 2678 ἠσφαλίσαντο
736 2632 763 2665 Ρ
836 2644 876 2666 τε
901 2642 968 2665 om.
993 2631 1022 2664 L
1094 2629 1397 2674 νεωτερίσαντασ
1421 2627 1450 2660 L
1530 2630 1567 2660 17
1592 2626 1614 2660 i.
1640 2636 1747 2669 marg.
1774 2623 1795 2661 ι’
1823 2625 1848 2660 O

248 2694 286 2725 18
304 2683 369 2726 οὖν
387 2700 454 2723 om.
470 2687 670 2722 AMLVRC
718 2700 767 2722 πο
780 2687 784 2731 Ι
799 2705 807 2711 ·
821 2689 928 2722 λλοῐσ
942 2686 968 2718 Ρ
1016 2682 1326 2732 προγυμνάσασα,
1343 2695 1417 2728 προ
1437 2692 1463 2716 S.
1480 2682 1506 2715 P
1521 2686 1712 2726 postquam
1731 2681 1895 2716 exercuit

245 2746 316 2780 Lat
388 2748 425 2779 19
443 2743 515 2785 ἐπὶ]
532 2742 593 2779 ἐπὶ
617 2744 655 2779 δὲ
672 2743 840 2778 LVRLat
864 2740 986 2786 ἐπειδὴ
1012 2742 1049 2778 δὲ
1067 2741 1092 2775 C
1163 2743 1204 2774 20
1230 2739 1267 2775 δὲ
1292 2749 1359 2774 om.
1378 2737 1575 2772 LVRCLat
1643 2737 1784 2773 ἰωανου
1801 2737 1826 2771 C

244 2836 282 2867 21
313 2829 651 2877 συμπεφευγόντων
674 2832 720 2865 L¹
812 2832 961 2878 μυριόισ
985 2831 1033 2866 V¹
1105 2825 1240 2874 ὀμιλοσ
1263 2831 1304 2870 (s.
1329 2838 1373 2862 m.
1401 2829 1434 2869 2)
1457 2827 1490 2861 R
1572 2825 1896 2874 συνηθροισμένοσ

244 2888 394 2924 MV²RO
419 2887 725 2934 συνηθρησμένοσ
750 2887 796 2922 V¹

224 525 423 584 Ἰωάννην
444 529 521 583 τῆς
545 522 730 582 ἀπάτης,
765 525 911 568 ἱκανὸν
939 525 984 568 δὲ
1017 521 1308 580 ἀστοχήσαντι
1337 527 1400 580 τῷ
1430 527 1563 580 θυμῷ
1594 523 1882 579 παραμύθιον
1913 535 1931 565 5

1917 866 1952 899 10

1919 1203 1953 1236 15

1922 1539 1958 1571 20
