<?xml version="1.0" encoding="UTF-8"?>
<!DOCTYPE html PUBLIC "-//W3C//DTD XHTML 1.0 Transitional//EN"
    "http://www.w3.org/TR/xhtml1/DTD/xhtml1-transitional.dtd">
<html xmlns="http://www.w3.org/1999/xhtml" xml:lang="en" lang="en">
 <head>
  <title>
</title>
<meta http-equiv="Content-Type" content="text/html;charset=utf-8" />
  <meta name='ocr-system' content='tesseract 3.04.00' />
  <meta name='ocr-capabilities' content='ocr_page ocr_carea ocr_par ocr_line ocrx_word'/>
</head>
<body>
  <div class='ocr_page' id='page_1' title='image "./operajosephus06joseuoft_0418.png"; bbox 0 0 2018 3236; ppageno 0'>
   <div class='ocr_carea' id='block_1_1' title="bbox 246 153 1484 197">
    <p class='ocr_par' dir='ltr' id='par_1_1' title="bbox 246 153 1484 197">
     <span class='ocr_line' id='line_1_1' title="bbox 246 153 1484 197; baseline -0.005 -4"><span class='ocrx_word' id='word_1_1' title='bbox 246 156 325 193; x_wconf 80' lang='lat'><em>338</em></span> <span class='ocrx_word' id='word_1_2' title='bbox 659 154 725 188; x_wconf 90' lang='lat' dir='ltr'><em>DE</em></span> <span class='ocrx_word' id='word_1_3' title='bbox 751 153 909 188; x_wconf 84' lang='lat' dir='ltr'>BELLO</span> <span class='ocrx_word' id='word_1_4' title='bbox 933 153 1029 188; x_wconf 88' lang='lat' dir='ltr'>IUD.</span> <span class='ocrx_word' id='word_1_5' title='bbox 1055 153 1109 187; x_wconf 94' lang='lat' dir='ltr'><em>III</em></span> <span class='ocrx_word' id='word_1_6' title='bbox 1135 156 1308 188; x_wconf 75' lang='lat'>482-491</span> <span class='ocrx_word' id='word_1_7' title='bbox 1335 157 1370 195; x_wconf 71' lang='lat' dir='ltr'><em>(X</em></span> <span class='ocrx_word' id='word_1_8' title='bbox 1397 160 1424 186; x_wconf 82' lang='lat'><em>2.</em></span> <span class='ocrx_word' id='word_1_9' title='bbox 1453 157 1484 197; x_wconf 87' lang='grc'><em>3)</em></span> 
     </span>
    </p>
   </div>
   <div class='ocr_carea' id='block_1_2' title="bbox 132 258 1971 1801">
    <p class='ocr_par' dir='ltr' id='par_1_2' title="bbox 132 258 1971 1801">
     <span class='ocr_line' id='line_1_2' title="bbox 136 258 1898 322; baseline 0.001 -13"><span class='ocrx_word' id='word_1_10' title='bbox 136 271 216 310; x_wconf 86' lang='grc'><em>483</em></span> <span class='ocrx_word' id='word_1_11' title='bbox 248 266 538 321; x_wconf 65' lang='grc' dir='ltr'><em>ὑπομείναιμι</em></span> <span class='ocrx_word' id='word_1_12' title='bbox 577 267 795 321; x_wconf 77' lang='grc' dir='ltr'><em>λειφθείς.</em></span> <span class='ocrx_word' id='word_1_13' title='bbox 852 262 975 318; x_wconf 75' lang='grc' dir='ltr'><em>ὑμεῖς</em></span> <span class='ocrx_word' id='word_1_14' title='bbox 1008 264 1054 306; x_wconf 82' lang='grc' dir='ltr'><em>δὲ</em></span> <span class='ocrx_word' id='word_1_15' title='bbox 1084 267 1182 314; x_wconf 83' lang='grc' dir='ltr'><em>πῶς</em></span> <span class='ocrx_word' id='word_1_16' title='bbox 1213 260 1287 307; x_wconf 75' lang='grc' dir='ltr'><em>οὐκ</em></span> <span class='ocrx_word' id='word_1_17' title='bbox 1320 258 1370 307; x_wconf 64' lang='grc' dir='ltr'><em>ἂν</em></span> <span class='ocrx_word' id='word_1_18' title='bbox 1403 265 1688 319; x_wconf 74' lang='grc' dir='ltr'><em>αἰσχύνοισθε</em></span> <span class='ocrx_word' id='word_1_19' title='bbox 1718 284 1898 322; x_wconf 83' lang='grc' dir='ltr'><em>προκιν-</em></span> 
     </span>
     <span class='ocr_line' id='line_1_3' title="bbox 248 324 1898 389; baseline 0 -12"><span class='ocrx_word' id='word_1_20' title='bbox 248 334 500 383; x_wconf 78' lang='grc' dir='ltr'><em>δυνεόοντος</em></span> <span class='ocrx_word' id='word_1_21' title='bbox 529 332 738 388; x_wconf 74' lang='grc' dir='ltr'><em>ἡγεμόνος</em></span> <span class='ocrx_word' id='word_1_22' title='bbox 767 329 1031 389; x_wconf 76' lang='grc' dir='ltr'><em>ἡττιόμενοι;</em></span> <span class='ocrx_word' id='word_1_23' title='bbox 1068 332 1421 386; x_wconf 75' lang='grc' dir='ltr'><em>προκινδυνεύσω</em></span> <span class='ocrx_word' id='word_1_24' title='bbox 1451 333 1555 388; x_wconf 80' lang='grc' dir='ltr'><em>γάρ,</em></span> <span class='ocrx_word' id='word_1_25' title='bbox 1596 324 1641 376; x_wconf 70' lang='grc' dir='ltr'><em>εὖ</em></span> <span class='ocrx_word' id='word_1_26' title='bbox 1673 333 1787 385; x_wconf 74' lang='grc' dir='ltr'><em>ἴστε,</em></span> <span class='ocrx_word' id='word_1_27' title='bbox 1827 336 1898 377; x_wconf 84' lang='grc' dir='ltr'><em>καὶ</em></span> 
     </span>
     <span class='ocr_line' id='line_1_4' title="bbox 136 397 1900 456; baseline -0.001 -11"><span class='ocrx_word' id='word_1_28' title='bbox 136 405 216 445; x_wconf 82' lang='grc'><em>484</em></span> <span class='ocrx_word' id='word_1_29' title='bbox 248 417 424 456; x_wconf 89' lang='grc' dir='ltr'><em>πρωτος</em></span> <span class='ocrx_word' id='word_1_30' title='bbox 467 399 528 449; x_wconf 84' lang='grc' dir='ltr'><em>εἰς</em></span> <span class='ocrx_word' id='word_1_31' title='bbox 565 399 666 449; x_wconf 71' lang='grc' dir='ltr'><em>τοὺς</em></span> <span class='ocrx_word' id='word_1_32' title='bbox 706 401 947 453; x_wconf 89' lang='grc' dir='ltr'><em>πολεμίους</em></span> <span class='ocrx_word' id='word_1_33' title='bbox 985 399 1173 454; x_wconf 74' lang='grc' dir='ltr'><em>ἐμβαλῶ.</em></span> <span class='ocrx_word' id='word_1_34' title='bbox 1228 399 1285 454; x_wconf 77' lang='grc' dir='ltr'><em>μὴ</em></span> <span class='ocrx_word' id='word_1_35' title='bbox 1319 401 1534 443; x_wconf 89' lang='grc' dir='ltr'><em>λείπεσθε</em></span> <span class='ocrx_word' id='word_1_36' title='bbox 1565 397 1604 443; x_wconf 92' lang='grc' dir='ltr'><em>δ</em></span> <span class='ocrx_word' id='word_1_37' title='bbox 1640 398 1764 454; x_wconf 83' lang='grc' dir='ltr'><em>υμεῖς</em></span> <span class='ocrx_word' id='word_1_38' title='bbox 1795 401 1900 454; x_wconf 72' lang='grc' dir='ltr'><em>ἐμοῦ</em></span> 
     </span>
     <span class='ocr_line' id='line_1_5' title="bbox 246 463 1898 543; baseline 0 -33"><span class='ocrx_word' id='word_1_39' title='bbox 246 482 538 521; x_wconf 87' lang='grc' dir='ltr'><em>πεπεισμενοι</em></span> <span class='ocrx_word' id='word_1_40' title='bbox 575 484 653 522; x_wconf 86' lang='grc' dir='ltr'><em>την</em></span> <span class='ocrx_word' id='word_1_41' title='bbox 691 466 812 543; x_wconf 74' lang='grc' dir='ltr'><em>ἐμὴν</em></span> <span class='ocrx_word' id='word_1_42' title='bbox 834 463 969 522; x_wconf 78' lang='grc' dir='ltr'><em>ορμὴν</em></span> <span class='ocrx_word' id='word_1_43' title='bbox 1007 470 1392 522; x_wconf 72' lang='grc' dir='ltr'><em>παρακροτεῖσθαι</em></span> <span class='ocrx_word' id='word_1_44' title='bbox 1426 470 1521 523; x_wconf 74' lang='grc' dir='ltr'><em>θει)</em></span> <span class='ocrx_word' id='word_1_45' title='bbox 1554 468 1788 524; x_wconf 85' lang='grc' dir='ltr'><em>συμμάχω,</em></span> <span class='ocrx_word' id='word_1_46' title='bbox 1827 470 1898 510; x_wconf 87' lang='grc' dir='ltr'><em>καὶ</em></span> 
     </span>
     <span class='ocr_line' id='line_1_6' title="bbox 246 529 1949 591; baseline -0.001 -12.99"><span class='ocrx_word' id='word_1_47' title='bbox 246 534 567 590; x_wconf 75' lang='grc' dir='ltr'><em>προγινώσκετε</em></span> <span class='ocrx_word' id='word_1_48' title='bbox 590 536 757 591; x_wconf 77' lang='grc' dir='ltr'><em>σαφῶς,</em></span> <span class='ocrx_word' id='word_1_49' title='bbox 788 529 857 577; x_wconf 87' lang='grc' dir='ltr'><em>ότι</em></span> <span class='ocrx_word' id='word_1_50' title='bbox 886 539 963 589; x_wconf 79' lang='grc' dir='ltr'><em>τῆς</em></span> <span class='ocrx_word' id='word_1_51' title='bbox 994 533 1075 584; x_wconf 80' lang='grc' dir='ltr'><em>ε’ξω</em></span> <span class='ocrx_word' id='word_1_52' title='bbox 1106 534 1244 590; x_wconf 77' lang='grc' dir='ltr'><em>μάχης</em></span> <span class='ocrx_word' id='word_1_53' title='bbox 1275 535 1410 576; x_wconf 80' lang='grc' dir='ltr'><em>πλέον</em></span> <span class='ocrx_word' id='word_1_54' title='bbox 1440 552 1485 577; x_wconf 91' lang='grc' dir='ltr'><em>τι</em></span> <span class='ocrx_word' id='word_1_55' title='bbox 1513 535 1901 590; x_wconf 56' lang='lat' dir='ltr'><em>zazopffldoopoevf‘</em></span> <span class='ocrx_word' id='word_1_56' title='bbox 1930 550 1949 581; x_wconf 87' lang='lat'>5</span> 
     </span>
     <span class='ocr_line' id='line_1_7' title="bbox 134 601 1902 657; baseline 0.001 -13"><span class='ocrx_word' id='word_1_57' title='bbox 134 604 214 644; x_wconf 84' lang='grc'><em>485</em></span> <span class='ocrx_word' id='word_1_58' title='bbox 359 605 397 644; x_wconf 87' lang='grc'><em>3.</em></span> <span class='ocrx_word' id='word_1_59' title='bbox 439 603 588 643; x_wconf 78' lang='grc' dir='ltr'><em>Ταῖτα</em></span> <span class='ocrx_word' id='word_1_60' title='bbox 617 603 694 643; x_wconf 81' lang='grc' dir='ltr'><em>τοῦ</em></span> <span class='ocrx_word' id='word_1_61' title='bbox 730 605 861 644; x_wconf 89' lang='grc' dir='ltr'><em>Τίτου</em></span> <span class='ocrx_word' id='word_1_62' title='bbox 894 601 1131 652; x_wconf 75' lang='grc' dir='ltr'><em>διεξιόντος</em></span> <span class='ocrx_word' id='word_1_63' title='bbox 1162 605 1397 657; x_wconf 71' lang='grc' dir='ltr'><em>προθυμία</em></span> <span class='ocrx_word' id='word_1_64' title='bbox 1429 602 1655 656; x_wconf 87' lang='grc' dir='ltr'><em>δαιιιόνιος</em></span> <span class='ocrx_word' id='word_1_65' title='bbox 1687 601 1749 656; x_wconf 75' lang='grc' dir='ltr'><em>ἒιι</em></span> <span class='ocrx_word' id='word_1_66' title='bbox 1743 606 1902 645; x_wconf 79' lang='grc' dir='ltr'><em>τίπτει</em></span> 
     </span>
     <span class='ocr_line' id='line_1_8' title="bbox 245 664 1900 724; baseline 0.001 -14"><span class='ocrx_word' id='word_1_67' title='bbox 245 678 337 719; x_wconf 88' lang='grc' dir='ltr'><em>τοῖς</em></span> <span class='ocrx_word' id='word_1_68' title='bbox 374 664 605 724; x_wconf 71' lang='grc' dir='ltr'><em>ἀνδράσιν,</em></span> <span class='ocrx_word' id='word_1_69' title='bbox 645 670 717 711; x_wconf 85' lang='grc' dir='ltr'><em>καὶ</em></span> <span class='ocrx_word' id='word_1_70' title='bbox 748 671 1099 723; x_wconf 73' lang='grc' dir='ltr'><em>προσγενομένου</em></span> <span class='ocrx_word' id='word_1_71' title='bbox 1131 671 1236 723; x_wconf 79' lang='grc' dir='ltr'><em>πρὶν</em></span> <span class='ocrx_word' id='word_1_72' title='bbox 1269 670 1506 723; x_wconf 75' lang='grc' dir='ltr'><em>συμβαλεῖν</em></span> <span class='ocrx_word' id='word_1_73' title='bbox 1542 672 1761 724; x_wconf 65' lang='grc' dir='ltr'><em>Τραϊανοῦ</em></span> <span class='ocrx_word' id='word_1_74' title='bbox 1790 669 1900 723; x_wconf 81' lang='grc' dir='ltr'><em>μετὰ</em></span> 
     </span>
     <span class='ocr_line' id='line_1_9' title="bbox 244 733 1900 794; baseline 0 -16"><span class='ocrx_word' id='word_1_75' title='bbox 244 739 537 789; x_wconf 85' lang='grc' dir='ltr'><em>τετρακοσίων</em></span> <span class='ocrx_word' id='word_1_76' title='bbox 561 737 735 779; x_wconf 79' lang='grc' dir='ltr'><em>ἱππέων</em></span> <span class='ocrx_word' id='word_1_77' title='bbox 766 733 981 792; x_wconf 70' lang='grc' dir='ltr'><em>ἤσχαλλον</em></span> <span class='ocrx_word' id='word_1_78' title='bbox 1012 733 1072 786; x_wconf 82' lang='grc' dir='ltr'><em>ῶς</em></span> <span class='ocrx_word' id='word_1_79' title='bbox 1102 736 1360 793; x_wconf 64' lang='grc' dir='ltr'><em>μειουμένης</em></span> <span class='ocrx_word' id='word_1_80' title='bbox 1390 739 1465 794; x_wconf 80' lang='grc' dir='ltr'><em>τῆς</em></span> <span class='ocrx_word' id='word_1_81' title='bbox 1497 741 1613 793; x_wconf 89' lang='grc' dir='ltr'><em>νίκης</em></span> <span class='ocrx_word' id='word_1_82' title='bbox 1646 733 1795 787; x_wconf 65' lang='grc' dir='ltr'><em>αὐτοῖς</em></span> <span class='ocrx_word' id='word_1_83' title='bbox 1826 737 1900 779; x_wconf 73' lang='grc' dir='ltr'><em>διὰ</em></span> 
     </span>
     <span class='ocr_line' id='line_1_10' title="bbox 133 801 1902 858; baseline 0 -13"><span class='ocrx_word' id='word_1_84' title='bbox 133 806 213 846; x_wconf 84' lang='grc'><em>486</em></span> <span class='ocrx_word' id='word_1_85' title='bbox 244 802 321 858; x_wconf 81' lang='grc' dir='ltr'><em>τὴν</em></span> <span class='ocrx_word' id='word_1_86' title='bbox 358 807 604 846; x_wconf 86' lang='grc' dir='ltr'><em>κοινωνίαν.</em></span> <span class='ocrx_word' id='word_1_87' title='bbox 664 803 864 858; x_wconf 68' lang='grc' dir='ltr'><em>ἔπεμψεν</em></span> <span class='ocrx_word' id='word_1_88' title='bbox 905 803 950 845; x_wconf 76' lang='grc' dir='ltr'><em>δὲ</em></span> <span class='ocrx_word' id='word_1_89' title='bbox 989 803 1325 854; x_wconf 80' lang='grc' dir='ltr'><em>Οὐεσπασιανὸς</em></span> <span class='ocrx_word' id='word_1_90' title='bbox 1363 806 1435 847; x_wconf 82' lang='grc' dir='ltr'><em>καὶ</em></span> <span class='ocrx_word' id='word_1_91' title='bbox 1461 801 1698 847; x_wconf 66' lang='grc' dir='ltr'><em>Ἀντώνιον</em></span> <span class='ocrx_word' id='word_1_92' title='bbox 1728 804 1902 846; x_wconf 77' lang='grc' dir='ltr'><em>Σίλωνα</em></span> 
     </span>
     <span class='ocr_line' id='line_1_11' title="bbox 245 867 1970 928; baseline 0.002 -16"><span class='ocrx_word' id='word_1_93' title='bbox 245 869 320 912; x_wconf 82' lang='grc' dir='ltr'><em>σὺν</em></span> <span class='ocrx_word' id='word_1_94' title='bbox 367 871 600 924; x_wconf 86' lang='grc' dir='ltr'><em>δισχιλίοις</em></span> <span class='ocrx_word' id='word_1_95' title='bbox 644 870 846 922; x_wconf 79' lang='grc' dir='ltr'><em>τοξόταις</em></span> <span class='ocrx_word' id='word_1_96' title='bbox 889 870 1095 920; x_wconf 81' lang='grc' dir='ltr'><em>κελείσας</em></span> <span class='ocrx_word' id='word_1_97' title='bbox 1139 871 1465 925; x_wconf 77' lang='grc' dir='ltr'><em>καταλαβόντας</em></span> <span class='ocrx_word' id='word_1_98' title='bbox 1509 871 1557 914; x_wconf 82' lang='grc' dir='ltr'><em>τὸ</em></span> <span class='ocrx_word' id='word_1_99' title='bbox 1607 867 1776 925; x_wconf 74' lang='grc' dir='ltr'><em>ἆντικρί</em></span> <span class='ocrx_word' id='word_1_100' title='bbox 1825 873 1902 928; x_wconf 74' lang='grc' dir='ltr'><em>τῆς</em></span> <span class='ocrx_word' id='word_1_101' title='bbox 1933 885 1970 917; x_wconf 80' lang='lat'><em>10</em></span> 
     </span>
     <span class='ocr_line' id='line_1_12' title="bbox 132 935 1902 995; baseline 0.001 -16"><span class='ocrx_word' id='word_1_102' title='bbox 132 941 211 980; x_wconf 81' lang='lat'><em>487</em></span> <span class='ocrx_word' id='word_1_103' title='bbox 244 937 417 987; x_wconf 83' lang='grc' dir='ltr'><em>πόλεως</em></span> <span class='ocrx_word' id='word_1_104' title='bbox 438 935 540 993; x_wconf 75' lang='grc' dir='ltr'><em>ὅρος</em></span> <span class='ocrx_word' id='word_1_105' title='bbox 569 937 670 988; x_wconf 77' lang='grc' dir='ltr'><em>τοὺς</em></span> <span class='ocrx_word' id='word_1_106' title='bbox 701 937 777 981; x_wconf 73' lang='grc' dir='ltr'><em>ἐπὶ</em></span> <span class='ocrx_word' id='word_1_107' title='bbox 808 941 885 981; x_wconf 81' lang='grc' dir='ltr'><em>τοῦ</em></span> <span class='ocrx_word' id='word_1_108' title='bbox 915 943 1082 992; x_wconf 82' lang='grc' dir='ltr'><em>τείχους</em></span> <span class='ocrx_word' id='word_1_109' title='bbox 1114 935 1337 995; x_wconf 72' lang='grc' dir='ltr'><em>ἀνείργειν.</em></span> <span class='ocrx_word' id='word_1_110' title='bbox 1388 941 1460 981; x_wconf 85' lang='grc' dir='ltr'><em>καὶ</em></span> <span class='ocrx_word' id='word_1_111' title='bbox 1492 939 1533 981; x_wconf 80' lang='grc' dir='ltr'><em>οἱ</em></span> <span class='ocrx_word' id='word_1_112' title='bbox 1563 939 1641 992; x_wconf 81' lang='grc' dir='ltr'><em>μὲν</em></span> <span class='ocrx_word' id='word_1_113' title='bbox 1673 935 1731 988; x_wconf 84' lang='grc' dir='ltr'><em>ῶς</em></span> <span class='ocrx_word' id='word_1_114' title='bbox 1761 953 1902 993; x_wconf 88' lang='grc' dir='ltr'><em>προσ-</em></span> 
     </span>
     <span class='ocr_line' id='line_1_13' title="bbox 244 1004 1903 1064; baseline 0.001 -17"><span class='ocrx_word' id='word_1_115' title='bbox 244 1008 444 1047; x_wconf 80' lang='grc' dir='ltr'><em>ετέτακτο</em></span> <span class='ocrx_word' id='word_1_116' title='bbox 476 1004 577 1055; x_wconf 69' lang='grc' dir='ltr'><em>τοὶ-ς</em></span> <span class='ocrx_word' id='word_1_117' title='bbox 606 1005 740 1062; x_wconf 72' lang='grc' dir='ltr'><em>ταύτῃ</em></span> <span class='ocrx_word' id='word_1_118' title='bbox 773 1009 1072 1060; x_wconf 81' lang='grc' dir='ltr'><em>πειρωμένους</em></span> <span class='ocrx_word' id='word_1_119' title='bbox 1102 1005 1333 1064; x_wconf 73' lang='grc' dir='ltr'><em>ἐκβοηθεῖν</em></span> <span class='ocrx_word' id='word_1_120' title='bbox 1364 1009 1607 1061; x_wconf 78' lang='grc' dir='ltr'><em>περιέσχον,</em></span> <span class='ocrx_word' id='word_1_121' title='bbox 1640 1005 1662 1049; x_wconf 84' lang='grc' dir='ltr'>ὁ</span> <span class='ocrx_word' id='word_1_122' title='bbox 1696 1006 1742 1048; x_wconf 75' lang='grc' dir='ltr'><em>δὲ</em></span> <span class='ocrx_word' id='word_1_123' title='bbox 1772 1010 1903 1055; x_wconf 90' lang='grc' dir='ltr'><em>Τίτος</em></span> 
     </span>
     <span class='ocr_line' id='line_1_14' title="bbox 244 1068 1897 1131; baseline 0 -17"><span class='ocrx_word' id='word_1_124' title='bbox 244 1075 418 1128; x_wconf 85' lang='grc' dir='ltr'><em>πρῶτος</em></span> <span class='ocrx_word' id='word_1_125' title='bbox 436 1072 513 1115; x_wconf 80' lang='grc' dir='ltr'><em>τὸν</em></span> <span class='ocrx_word' id='word_1_126' title='bbox 535 1073 678 1115; x_wconf 76' lang='grc' dir='ltr'><em>ἵππον</em></span> <span class='ocrx_word' id='word_1_127' title='bbox 700 1070 881 1130; x_wconf 66' lang='grc' dir='ltr'><em>ἤλαυνεν</em></span> <span class='ocrx_word' id='word_1_128' title='bbox 903 1074 965 1124; x_wconf 83' lang='grc' dir='ltr'><em>εἰς</em></span> <span class='ocrx_word' id='word_1_129' title='bbox 991 1072 1093 1124; x_wconf 65' lang='grc' dir='ltr'><em>τους</em></span> <span class='ocrx_word' id='word_1_130' title='bbox 1124 1076 1366 1127; x_wconf 84' lang='grc' dir='ltr'><em>πολεμίους</em></span> <span class='ocrx_word' id='word_1_131' title='bbox 1395 1075 1466 1116; x_wconf 83' lang='grc' dir='ltr'><em>καὶ</em></span> <span class='ocrx_word' id='word_1_132' title='bbox 1499 1073 1575 1116; x_wconf 73' lang='grc' dir='ltr'><em>συν</em></span> <span class='ocrx_word' id='word_1_133' title='bbox 1606 1075 1770 1129; x_wconf 78' lang='grc' dir='ltr'><em>κραυγῇ</em></span> <span class='ocrx_word' id='word_1_134' title='bbox 1799 1068 1897 1131; x_wconf 65' lang='grc' dir='ltr'><em>μετ’</em></span> 
     </span>
     <span class='ocr_line' id='line_1_15' title="bbox 246 1136 1902 1194; baseline 0 -12"><span class='ocrx_word' id='word_1_135' title='bbox 246 1137 376 1182; x_wconf 74' lang='grc' dir='ltr'><em>αὐτόν</em></span> <span class='ocrx_word' id='word_1_136' title='bbox 394 1140 435 1182; x_wconf 78' lang='grc' dir='ltr'><em>οἱ</em></span> <span class='ocrx_word' id='word_1_137' title='bbox 461 1141 613 1183; x_wconf 84' lang='grc' dir='ltr'><em>λοιποὶ</em></span> <span class='ocrx_word' id='word_1_138' title='bbox 635 1145 996 1194; x_wconf 82' lang='grc' dir='ltr'><em>παρεκτείναντες</em></span> <span class='ocrx_word' id='word_1_139' title='bbox 1018 1140 1199 1190; x_wconf 63' lang='grc' dir='ltr'><em>ἑαυτοὺς</em></span> <span class='ocrx_word' id='word_1_140' title='bbox 1222 1140 1284 1190; x_wconf 81' lang='grc' dir='ltr'><em>εἷς</em></span> <span class='ocrx_word' id='word_1_141' title='bbox 1307 1136 1411 1183; x_wconf 74' lang='grc' dir='ltr'><em>ὅσον</em></span> <span class='ocrx_word' id='word_1_142' title='bbox 1433 1140 1605 1194; x_wconf 75' lang='grc' dir='ltr'><em>ἐπεῖχον</em></span> <span class='ocrx_word' id='word_1_143' title='bbox 1630 1141 1671 1183; x_wconf 81' lang='grc' dir='ltr'><em>οἱ</em></span> <span class='ocrx_word' id='word_1_144' title='bbox 1694 1142 1902 1194; x_wconf 72' lang='grc' dir='ltr'><em>πολέμιοι</em></span> 
     </span>
     <span class='ocr_line' id='line_1_16' title="bbox 133 1204 1969 1262; baseline 0.002 -12"><span class='ocrx_word' id='word_1_145' title='bbox 133 1210 213 1250; x_wconf 86' lang='grc'><em>488</em></span> <span class='ocrx_word' id='word_1_146' title='bbox 244 1206 294 1248; x_wconf 75' lang='grc' dir='ltr'><em>τὸ</em></span> <span class='ocrx_word' id='word_1_147' title='bbox 332 1207 508 1249; x_wconf 84' lang='grc' dir='ltr'><em>πεδίον·</em></span> <span class='ocrx_word' id='word_1_148' title='bbox 549 1207 664 1262; x_wconf 85' lang='grc' dir='ltr'><em>παρὸ</em></span> <span class='ocrx_word' id='word_1_149' title='bbox 697 1210 769 1250; x_wconf 84' lang='grc' dir='ltr'><em>καὶ</em></span> <span class='ocrx_word' id='word_1_150' title='bbox 802 1207 914 1250; x_wconf 75' lang='grc' dir='ltr'><em>πολὺ</em></span> <span class='ocrx_word' id='word_1_151' title='bbox 946 1210 1127 1258; x_wconf 87' lang='grc' dir='ltr'><em>πλείους</em></span> <span class='ocrx_word' id='word_1_152' title='bbox 1158 1207 1324 1258; x_wconf 71' lang='grc' dir='ltr'><em>ἔδοξαν.</em></span> <span class='ocrx_word' id='word_1_153' title='bbox 1376 1209 1417 1250; x_wconf 81' lang='grc' dir='ltr'><em>οἷ</em></span> <span class='ocrx_word' id='word_1_154' title='bbox 1450 1208 1495 1251; x_wconf 82' lang='grc' dir='ltr'><em>δὲ</em></span> <span class='ocrx_word' id='word_1_155' title='bbox 1523 1204 1726 1251; x_wconf 80' lang='grc' dir='ltr'><em>Ἰουδαῖοι</em></span> <span class='ocrx_word' id='word_1_156' title='bbox 1756 1211 1901 1250; x_wconf 89' lang='grc' dir='ltr'><em>καίτοι</em></span> <span class='ocrx_word' id='word_1_157' title='bbox 1932 1221 1969 1253; x_wconf 86' lang='grc'><em>15</em></span> 
     </span>
     <span class='ocr_line' id='line_1_17' title="bbox 245 1270 1903 1331; baseline 0.001 -16"><span class='ocrx_word' id='word_1_158' title='bbox 245 1274 320 1328; x_wconf 81' lang='grc' dir='ltr'><em>τήν</em></span> <span class='ocrx_word' id='word_1_159' title='bbox 359 1290 407 1316; x_wconf 89' lang='grc' dir='ltr'><em>τε</em></span> <span class='ocrx_word' id='word_1_160' title='bbox 445 1271 582 1331; x_wconf 78' lang='grc' dir='ltr'><em>ὁρμὴν</em></span> <span class='ocrx_word' id='word_1_161' title='bbox 612 1276 683 1317; x_wconf 83' lang='grc' dir='ltr'><em>καὶ</em></span> <span class='ocrx_word' id='word_1_162' title='bbox 716 1274 794 1331; x_wconf 78' lang='grc' dir='ltr'><em>τὴν</em></span> <span class='ocrx_word' id='word_1_163' title='bbox 825 1271 1028 1325; x_wconf 66' lang='grc' dir='ltr'><em>εὐταξίαν</em></span> <span class='ocrx_word' id='word_1_164' title='bbox 1061 1271 1202 1318; x_wconf 71' lang='grc' dir='ltr'><em>αἰτῶν</em></span> <span class='ocrx_word' id='word_1_165' title='bbox 1232 1276 1581 1331; x_wconf 79' lang='grc' dir='ltr'><em>καταπλαγέντες</em></span> <span class='ocrx_word' id='word_1_166' title='bbox 1611 1273 1726 1329; x_wconf 85' lang='grc' dir='ltr'><em>πρὸς</em></span> <span class='ocrx_word' id='word_1_167' title='bbox 1756 1270 1903 1329; x_wconf 77' lang='grc' dir='ltr'><em>ὀλίγον</em></span> 
     </span>
     <span class='ocr_line' id='line_1_18' title="bbox 245 1338 1903 1397; baseline -0.001 -14"><span class='ocrx_word' id='word_1_168' title='bbox 245 1342 322 1394; x_wconf 80' lang='grc' dir='ltr'><em>μὲν</em></span> <span class='ocrx_word' id='word_1_169' title='bbox 363 1338 568 1395; x_wconf 75' lang='grc' dir='ltr'><em>ἀντέσχον</em></span> <span class='ocrx_word' id='word_1_170' title='bbox 607 1351 705 1391; x_wconf 89' lang='grc' dir='ltr'><em>ταῖς</em></span> <span class='ocrx_word' id='word_1_171' title='bbox 744 1341 969 1397; x_wconf 75' lang='grc' dir='ltr'><em>ἐμβολαῖς,</em></span> <span class='ocrx_word' id='word_1_172' title='bbox 1011 1342 1270 1397; x_wconf 77' lang='grc' dir='ltr'><em>νυσσόμενοι</em></span> <span class='ocrx_word' id='word_1_173' title='bbox 1313 1342 1359 1384; x_wconf 74' lang='grc' dir='ltr'><em>δὲ</em></span> <span class='ocrx_word' id='word_1_174' title='bbox 1397 1352 1490 1392; x_wconf 89' lang='grc' dir='ltr'><em>τοῖς</em></span> <span class='ocrx_word' id='word_1_175' title='bbox 1530 1351 1699 1392; x_wconf 80' lang='grc' dir='ltr'><em>κοντοῖς</em></span> <span class='ocrx_word' id='word_1_176' title='bbox 1736 1343 1807 1384; x_wconf 84' lang='grc' dir='ltr'><em>καὶ</em></span> <span class='ocrx_word' id='word_1_177' title='bbox 1839 1343 1903 1396; x_wconf 73' lang='grc' dir='ltr'><em>τῷ</em></span> 
     </span>
     <span class='ocr_line' id='line_1_19' title="bbox 134 1405 1902 1465; baseline 0 -15"><span class='ocrx_word' id='word_1_178' title='bbox 134 1411 214 1452; x_wconf 86' lang='grc'><em>489</em></span> <span class='ocrx_word' id='word_1_179' title='bbox 247 1409 376 1465; x_wconf 75' lang='grc' dir='ltr'><em>ῥοίζῳ</em></span> <span class='ocrx_word' id='word_1_180' title='bbox 407 1412 493 1451; x_wconf 86' lang='grc' dir='ltr'><em>τῶν</em></span> <span class='ocrx_word' id='word_1_181' title='bbox 526 1409 701 1451; x_wconf 72' lang='grc' dir='ltr'><em>ἱππέων</em></span> <span class='ocrx_word' id='word_1_182' title='bbox 733 1405 1083 1464; x_wconf 75' lang='grc' dir='ltr'><em>ἀνατρεπόμενοι</em></span> <span class='ocrx_word' id='word_1_183' title='bbox 1115 1406 1469 1452; x_wconf 53' lang='grc' dir='ltr'><em>συνεπατοῦντο.1</em></span> <span class='ocrx_word' id='word_1_184' title='bbox 1502 1410 1679 1451; x_wconf 82' lang='grc' dir='ltr'><em>πολλῶν</em></span> <span class='ocrx_word' id='word_1_185' title='bbox 1711 1409 1758 1451; x_wconf 81' lang='grc' dir='ltr'><em>δὲ</em></span> <span class='ocrx_word' id='word_1_186' title='bbox 1787 1425 1902 1450; x_wconf 81' lang='grc' dir='ltr'><em>παν-</em></span> 
     </span>
     <span class='ocr_line' id='line_1_20' title="bbox 246 1474 1902 1534; baseline 0 -17"><span class='ocrx_word' id='word_1_187' title='bbox 246 1479 378 1529; x_wconf 78' lang='grc' dir='ltr'><em>ταχοῦ</em></span> <span class='ocrx_word' id='word_1_188' title='bbox 418 1480 722 1533; x_wconf 72' lang='grc' dir='ltr'><em>φονευομένων</em></span> <span class='ocrx_word' id='word_1_189' title='bbox 756 1477 1085 1520; x_wconf 84' lang='grc' dir='ltr'><em>διασκίδνανται</em></span> <span class='ocrx_word' id='word_1_190' title='bbox 1116 1480 1189 1520; x_wconf 87' lang='grc' dir='ltr'><em>καὶ</em></span> <span class='ocrx_word' id='word_1_191' title='bbox 1219 1476 1333 1532; x_wconf 86' lang='grc' dir='ltr'><em>πρὸς</em></span> <span class='ocrx_word' id='word_1_192' title='bbox 1362 1476 1439 1534; x_wconf 78' lang='grc' dir='ltr'><em>τὴν</em></span> <span class='ocrx_word' id='word_1_193' title='bbox 1469 1476 1602 1519; x_wconf 90' lang='grc' dir='ltr'><em>πόλιν</em></span> <span class='ocrx_word' id='word_1_194' title='bbox 1634 1474 1693 1526; x_wconf 82' lang='grc' dir='ltr'><em>ῶς</em></span> <span class='ocrx_word' id='word_1_195' title='bbox 1724 1476 1902 1525; x_wconf 69' lang='grc' dir='ltr'><em>ἕκαστος</em></span> 
     </span>
     <span class='ocr_line' id='line_1_21' title="bbox 134 1541 1971 1599; baseline 0.001 -15"><span class='ocrx_word' id='word_1_196' title='bbox 134 1546 213 1585; x_wconf 87' lang='grc'><em>490</em></span> <span class='ocrx_word' id='word_1_197' title='bbox 248 1541 356 1596; x_wconf 78' lang='grc' dir='ltr'><em>εἶχεν</em></span> <span class='ocrx_word' id='word_1_198' title='bbox 397 1543 553 1595; x_wconf 81' lang='grc' dir='ltr'><em>τάχους</em></span> <span class='ocrx_word' id='word_1_199' title='bbox 593 1544 788 1599; x_wconf 75' lang='grc' dir='ltr'><em>ἔφευγον.</em></span> <span class='ocrx_word' id='word_1_200' title='bbox 853 1547 983 1594; x_wconf 86' lang='grc' dir='ltr'><em>Τίτος</em></span> <span class='ocrx_word' id='word_1_201' title='bbox 1023 1545 1069 1587; x_wconf 78' lang='grc' dir='ltr'><em>δὲ</em></span> <span class='ocrx_word' id='word_1_202' title='bbox 1108 1543 1210 1594; x_wconf 74' lang='grc' dir='ltr'><em>τοὺς</em></span> <span class='ocrx_word' id='word_1_203' title='bbox 1246 1545 1324 1598; x_wconf 83' lang='grc' dir='ltr'><em>μὲν</em></span> <span class='ocrx_word' id='word_1_204' title='bbox 1362 1544 1550 1587; x_wconf 86' lang='grc' dir='ltr'><em>κατόπιν</em></span> <span class='ocrx_word' id='word_1_205' title='bbox 1590 1548 1903 1598; x_wconf 86' lang='grc' dir='ltr'><em>προσκείμενος</em></span> <span class='ocrx_word' id='word_1_206' title='bbox 1933 1557 1971 1589; x_wconf 84' lang='lat'><em>20</em></span> 
     </span>
     <span class='ocr_line' id='line_1_22' title="bbox 250 1606 1903 1667; baseline 0.001 -16"><span class='ocrx_word' id='word_1_207' title='bbox 250 1606 420 1666; x_wconf 68' lang='grc' dir='ltr'><em>ἀνῄρει,</em></span> <span class='ocrx_word' id='word_1_208' title='bbox 460 1613 547 1653; x_wconf 82' lang='grc' dir='ltr'><em>τῶν</em></span> <span class='ocrx_word' id='word_1_209' title='bbox 588 1611 634 1652; x_wconf 81' lang='grc' dir='ltr'><em>δὲ</em></span> <span class='ocrx_word' id='word_1_210' title='bbox 673 1611 913 1653; x_wconf 83' lang='grc' dir='ltr'><em>διεκπαίων</em></span> <span class='ocrx_word' id='word_1_211' title='bbox 954 1608 1158 1666; x_wconf 73' lang='grc' dir='ltr'><em>ἀθρόων,</em></span> <span class='ocrx_word' id='word_1_212' title='bbox 1200 1610 1273 1661; x_wconf 72' lang='grc' dir='ltr'><em>οἷς</em></span> <span class='ocrx_word' id='word_1_213' title='bbox 1314 1611 1360 1653; x_wconf 77' lang='grc' dir='ltr'><em>δὲ</em></span> <span class='ocrx_word' id='word_1_214' title='bbox 1400 1611 1589 1667; x_wconf 83' lang='grc' dir='ltr'><em>φθάνων</em></span> <span class='ocrx_word' id='word_1_215' title='bbox 1619 1611 1729 1653; x_wconf 84' lang='grc' dir='ltr'><em>κατὰ</em></span> <span class='ocrx_word' id='word_1_216' title='bbox 1761 1610 1903 1663; x_wconf 90' lang='grc' dir='ltr'><em>στόμα</em></span> 
     </span>
     <span class='ocr_line' id='line_1_23' title="bbox 250 1674 1901 1734; baseline -0.001 -15"><span class='ocrx_word' id='word_1_217' title='bbox 250 1677 488 1732; x_wconf 85' lang='grc' dir='ltr'><em>διήλαυνεν,</em></span> <span class='ocrx_word' id='word_1_218' title='bbox 522 1677 713 1728; x_wconf 73' lang='grc' dir='ltr'><em>πολλοὺς</em></span> <span class='ocrx_word' id='word_1_219' title='bbox 744 1678 789 1720; x_wconf 78' lang='grc' dir='ltr'><em>δὲ</em></span> <span class='ocrx_word' id='word_1_220' title='bbox 821 1680 1027 1734; x_wconf 86' lang='grc' dir='ltr'><em>συνηλοία</em></span> <span class='ocrx_word' id='word_1_221' title='bbox 1060 1680 1163 1731; x_wconf 82' lang='grc' dir='ltr'><em>περὶ</em></span> <span class='ocrx_word' id='word_1_222' title='bbox 1196 1674 1401 1733; x_wconf 72' lang='grc' dir='ltr'><em>ἀλλήλοις</em></span> <span class='ocrx_word' id='word_1_223' title='bbox 1432 1677 1650 1728; x_wconf 89' lang='grc' dir='ltr'><em>πεσόντας</em></span> <span class='ocrx_word' id='word_1_224' title='bbox 1681 1677 1901 1734; x_wconf 76' lang='grc' dir='ltr'><em>ἐμπηδῶν,</em></span> 
     </span>
     <span class='ocr_line' id='line_1_24' title="bbox 136 1742 1903 1801; baseline -0.001 -15"><span class='ocrx_word' id='word_1_225' title='bbox 136 1749 214 1788; x_wconf 86' lang='grc'><em>491</em></span> <span class='ocrx_word' id='word_1_226' title='bbox 249 1747 387 1787; x_wconf 81' lang='grc' dir='ltr'><em>πᾶσιν</em></span> <span class='ocrx_word' id='word_1_227' title='bbox 409 1745 455 1787; x_wconf 79' lang='grc' dir='ltr'><em>δὲ</em></span> <span class='ocrx_word' id='word_1_228' title='bbox 477 1743 557 1794; x_wconf 77' lang='grc' dir='ltr'><em>τὰς</em></span> <span class='ocrx_word' id='word_1_229' title='bbox 579 1743 690 1799; x_wconf 84' lang='grc' dir='ltr'><em>πρὸς</em></span> <span class='ocrx_word' id='word_1_230' title='bbox 709 1744 758 1787; x_wconf 79' lang='grc' dir='ltr'><em>τὸ</em></span> <span class='ocrx_word' id='word_1_231' title='bbox 781 1754 921 1797; x_wconf 86' lang='grc' dir='ltr'><em>τεῖχος</em></span> <span class='ocrx_word' id='word_1_232' title='bbox 952 1744 1094 1801; x_wconf 74' lang='grc' dir='ltr'><em>φυγὰς</em></span> <span class='ocrx_word' id='word_1_233' title='bbox 1124 1742 1390 1798; x_wconf 60' lang='grc' dir='ltr'><em>ὑπετέμνετο</em></span> <span class='ocrx_word' id='word_1_234' title='bbox 1421 1747 1494 1787; x_wconf 85' lang='grc' dir='ltr'><em>καὶ</em></span> <span class='ocrx_word' id='word_1_235' title='bbox 1525 1744 1637 1799; x_wconf 83' lang='grc' dir='ltr'><em>πρὸς</em></span> <span class='ocrx_word' id='word_1_236' title='bbox 1667 1744 1715 1787; x_wconf 79' lang='grc' dir='ltr'><em>τὸ</em></span> <span class='ocrx_word' id='word_1_237' title='bbox 1749 1744 1903 1786; x_wconf 87' lang='grc' dir='ltr'><em>πεδίον</em></span> 
     </span>
    </p>
   </div>
   <div class='ocr_carea' id='block_1_3' title="bbox 272 1823 1896 1830">
    <p class='ocr_par' dir='ltr' id='par_1_3' title="bbox 272 1823 1896 1830">
     <span class='ocr_line' id='line_1_25' title="bbox 272 1823 1896 1830; baseline 0 0"><span class='ocrx_word' id='word_1_238' title='bbox 272 1823 1896 1830; x_wconf 95' lang='lat' dir='ltr'><em> </em></span> 
     </span>
    </p>
   </div>
   <div class='ocr_carea' id='block_1_4' title="bbox 244 1853 1904 2573">
    <p class='ocr_par' dir='ltr' id='par_1_4' title="bbox 359 1853 1193 1899">
     <span class='ocr_line' id='line_1_26' title="bbox 359 1853 1193 1899; baseline 0.002 -11"><span class='ocrx_word' id='word_1_239' title='bbox 359 1854 585 1889; x_wconf 86' lang='lat' dir='ltr'>PAMLVRC</span> <span class='ocrx_word' id='word_1_240' title='bbox 596 1853 888 1899; x_wconf 80' lang='lat' dir='ltr'>LatHegesippus</span> <span class='ocrx_word' id='word_1_241' title='bbox 912 1855 963 1889; x_wconf 91' lang='lat' dir='ltr'><em>III</em></span> <span class='ocrx_word' id='word_1_242' title='bbox 988 1858 1030 1889; x_wconf 80' lang='lat'><em>24</em></span> <span class='ocrx_word' id='word_1_243' title='bbox 1055 1867 1090 1899; x_wconf 88' lang='lat' dir='ltr'><em>p.</em></span> <span class='ocrx_word' id='word_1_244' title='bbox 1117 1857 1193 1890; x_wconf 82' lang='lat'><strong>215.</strong></span> 
     </span>
    </p>

    <p class='ocr_par' dir='ltr' id='par_1_5' title="bbox 244 1907 1904 2573">
     <span class='ocr_line' id='line_1_27' title="bbox 359 1907 1904 1956; baseline -0.002 -11"><span class='ocrx_word' id='word_1_245' title='bbox 359 1914 374 1945; x_wconf 92' lang='lat'>1</span> <span class='ocrx_word' id='word_1_246' title='bbox 401 1912 560 1956; x_wconf 77' lang='grc' dir='ltr'><em>ληφθεὶσ</em></span> <span class='ocrx_word' id='word_1_247' title='bbox 582 1910 679 1944; x_wconf 85' lang='lat' dir='ltr'>L¹V¹</span> <span class='ocrx_word' id='word_1_248' title='bbox 807 1907 854 1946; x_wconf 73' lang='grc' dir='ltr'><em>ἄν</em></span> <span class='ocrx_word' id='word_1_249' title='bbox 878 1920 946 1945; x_wconf 89' lang='lat' dir='ltr'><em>om.</em></span> <span class='ocrx_word' id='word_1_250' title='bbox 972 1911 1036 1945; x_wconf 91' lang='lat' dir='ltr'><em>LV</em></span> <span class='ocrx_word' id='word_1_251' title='bbox 1169 1907 1422 1955; x_wconf 70' lang='grc' dir='ltr'><em>αἰσχύνοισθε]</em></span> <span class='ocrx_word' id='word_1_252' title='bbox 1449 1921 1492 1945; x_wconf 84' lang='lat' dir='ltr'><em>ex</em></span> <span class='ocrx_word' id='word_1_253' title='bbox 1516 1910 1592 1945; x_wconf 85' lang='lat' dir='ltr'><strong>cod.</strong></span> <span class='ocrx_word' id='word_1_254' title='bbox 1619 1911 1723 1946; x_wconf 85' lang='lat' dir='ltr'>Voss.</span> <span class='ocrx_word' id='word_1_255' title='bbox 1748 1909 1904 1944; x_wconf 86' lang='lat' dir='ltr'><em>Dindorf</em></span> 
     </span>
     <span class='ocr_line' id='line_1_28' title="bbox 245 1960 1902 2012; baseline -0.002 -10"><span class='ocrx_word' id='word_1_256' title='bbox 245 1964 470 2012; x_wconf 74' lang='grc' dir='ltr'><em>αἰσχύνεσθε</em></span> <span class='ocrx_word' id='word_1_257' title='bbox 496 1966 656 2000; x_wconf 87' lang='lat' dir='ltr'>PALVR</span> <span class='ocrx_word' id='word_1_258' title='bbox 681 1963 907 2012; x_wconf 74' lang='grc' dir='ltr'><em>αἰσχύνησθε</em></span> <span class='ocrx_word' id='word_1_259' title='bbox 931 1965 999 2000; x_wconf 86' lang='grc' dir='ltr'><em>ΜΟ</em></span> <span class='ocrx_word' id='word_1_260' title='bbox 1118 1968 1136 1999; x_wconf 98' lang='grc'>2</span> <span class='ocrx_word' id='word_1_261' title='bbox 1162 1960 1200 2002; x_wconf 77' lang='grc' dir='ltr'><em>εὖ</em></span> <span class='ocrx_word' id='word_1_262' title='bbox 1226 1964 1317 2007; x_wconf 80' lang='grc' dir='ltr'><em>ἴστε]</em></span> <span class='ocrx_word' id='word_1_263' title='bbox 1343 1960 1426 2002; x_wconf 73' lang='grc' dir='ltr'><em>εὖτε</em></span> <span class='ocrx_word' id='word_1_264' title='bbox 1450 1966 1511 2001; x_wconf 88' lang='lat' dir='ltr'><em>RC</em></span> <span class='ocrx_word' id='word_1_265' title='bbox 1633 1970 1652 2000; x_wconf 88' lang='lat'><strong>3</strong></span> <span class='ocrx_word' id='word_1_266' title='bbox 1678 1968 1833 2012; x_wconf 86' lang='grc' dir='ltr'><em>πρῶτοσ</em></span> <span class='ocrx_word' id='word_1_267' title='bbox 1859 1974 1902 1999; x_wconf 83' lang='lat' dir='ltr'><em>ex</em></span> 
     </span>
     <span class='ocr_line' id='line_1_29' title="bbox 245 2019 1835 2069; baseline -0.002 -10"><span class='ocrx_word' id='word_1_268' title='bbox 245 2023 424 2069; x_wconf 76' lang='grc' dir='ltr'><em>πριότουσ</em></span> <span class='ocrx_word' id='word_1_269' title='bbox 450 2032 541 2057; x_wconf 88' lang='lat' dir='ltr'><em>corr.</em></span> <span class='ocrx_word' id='word_1_270' title='bbox 560 2022 589 2055; x_wconf 91' lang='lat' dir='ltr'>L</span> <span class='ocrx_word' id='word_1_271' title='bbox 659 2020 829 2068; x_wconf 79' lang='grc' dir='ltr'><em>ἐμβαλῶ]</em></span> <span class='ocrx_word' id='word_1_272' title='bbox 852 2032 895 2056; x_wconf 81' lang='lat' dir='ltr'><em>ex</em></span> <span class='ocrx_word' id='word_1_273' title='bbox 921 2032 1011 2057; x_wconf 87' lang='lat' dir='ltr'><em>corr.</em></span> <span class='ocrx_word' id='word_1_274' title='bbox 1030 2022 1060 2055; x_wconf 91' lang='lat' dir='ltr'>L</span> <span class='ocrx_word' id='word_1_275' title='bbox 1085 2019 1261 2068; x_wconf 77' lang='grc' dir='ltr'><em>ἐμβαλών</em></span> <span class='ocrx_word' id='word_1_276' title='bbox 1277 2021 1525 2057; x_wconf 84' lang='lat' dir='ltr'>PAML¹VRC</span> <span class='ocrx_word' id='word_1_277' title='bbox 1549 2024 1745 2068; x_wconf 77' lang='lat' dir='ltr'><em>irrumpam</em></span> <span class='ocrx_word' id='word_1_278' title='bbox 1765 2023 1835 2056; x_wconf 80' lang='lat' dir='ltr'><em>Lat</em></span> 
     </span>
     <span class='ocr_line' id='line_1_30' title="bbox 247 2071 1902 2125; baseline -0.002 -11"><span class='ocrx_word' id='word_1_279' title='bbox 247 2083 265 2113; x_wconf 85' lang='grc'>4</span> <span class='ocrx_word' id='word_1_280' title='bbox 298 2075 419 2125; x_wconf 73' lang='grc' dir='ltr'><em>ὁρμὴν</em></span> <span class='ocrx_word' id='word_1_281' title='bbox 446 2075 538 2123; x_wconf 68' lang='grc' dir='ltr'><em>ἐμὴ-ν</em></span> <span class='ocrx_word' id='word_1_282' title='bbox 562 2081 605 2113; x_wconf 82' lang='lat' dir='ltr'><em>tr.</em></span> <span class='ocrx_word' id='word_1_283' title='bbox 631 2078 729 2112; x_wconf 89' lang='lat' dir='ltr'><em>LVR</em></span> <span class='ocrx_word' id='word_1_284' title='bbox 837 2082 855 2112; x_wconf 82' lang='lat'>5</span> <span class='ocrx_word' id='word_1_285' title='bbox 882 2071 940 2113; x_wconf 72' lang='grc' dir='ltr'><em>ὅτι</em></span> <span class='ocrx_word' id='word_1_286' title='bbox 965 2097 1006 2102; x_wconf 89' lang='grc'><em>--</em></span> <span class='ocrx_word' id='word_1_287' title='bbox 1031 2075 1345 2123; x_wconf 76' lang='grc' dir='ltr'><em>κατορθώσομεν]</em></span> <span class='ocrx_word' id='word_1_288' title='bbox 1371 2077 1468 2123; x_wconf 79' lang='lat' dir='ltr'><em>quod</em></span> <span class='ocrx_word' id='word_1_289' title='bbox 1490 2079 1600 2113; x_wconf 73' lang='lat' dir='ltr'><em>multo</em></span> <span class='ocrx_word' id='word_1_290' title='bbox 1622 2079 1707 2124; x_wconf 81' lang='lat' dir='ltr'><em>plus</em></span> <span class='ocrx_word' id='word_1_291' title='bbox 1727 2078 1902 2124; x_wconf 73' lang='lat' dir='ltr'><em>permixti</em></span> 
     </span>
     <span class='ocr_line' id='line_1_31' title="bbox 246 2131 1812 2179; baseline 0.001 -11"><span class='ocrx_word' id='word_1_292' title='bbox 246 2134 408 2169; x_wconf 76' lang='lat' dir='ltr'><em>hostibus</em></span> <span class='ocrx_word' id='word_1_293' title='bbox 431 2135 630 2179; x_wconf 82' lang='lat' dir='ltr'><em>efficiemus</em></span> <span class='ocrx_word' id='word_1_294' title='bbox 654 2144 761 2179; x_wconf 79' lang='lat' dir='ltr'><strong><em>quam</em></strong></span> <span class='ocrx_word' id='word_1_295' title='bbox 786 2134 819 2168; x_wconf 84' lang='lat' dir='ltr'><em>si</em></span> <span class='ocrx_word' id='word_1_296' title='bbox 841 2134 1067 2168; x_wconf 78' lang='lat' dir='ltr'><em>extrinsecus</em></span> <span class='ocrx_word' id='word_1_297' title='bbox 1089 2144 1335 2179; x_wconf 66' lang='lat' dir='ltr'><em>puyuaremus</em></span> <span class='ocrx_word' id='word_1_298' title='bbox 1358 2134 1428 2167; x_wconf 77' lang='lat' dir='ltr'><em>Lat</em></span> <span class='ocrx_word' id='word_1_299' title='bbox 1518 2135 1541 2169; x_wconf 88' lang='lat' dir='ltr'><em>i.</em></span> <span class='ocrx_word' id='word_1_300' title='bbox 1565 2145 1674 2178; x_wconf 84' lang='lat' dir='ltr'><strong>marg.</strong></span> <span class='ocrx_word' id='word_1_301' title='bbox 1701 2131 1759 2170; x_wconf 71' lang='grc' dir='ltr'><em>Μ’</em></span> <span class='ocrx_word' id='word_1_302' title='bbox 1784 2134 1812 2169; x_wconf 87' lang='grc' dir='ltr'>Ο</span> 
     </span>
     <span class='ocr_line' id='line_1_32' title="bbox 247 2185 1833 2238; baseline -0.001 -12"><span class='ocrx_word' id='word_1_303' title='bbox 247 2194 264 2226; x_wconf 86' lang='grc'>8</span> <span class='ocrx_word' id='word_1_304' title='bbox 296 2191 567 2238; x_wconf 81' lang='grc' dir='ltr'><em>τετρακοσίων]</em></span> <span class='ocrx_word' id='word_1_305' title='bbox 593 2191 760 2225; x_wconf 75' lang='lat' dir='ltr'><em>trecentis</em></span> <span class='ocrx_word' id='word_1_306' title='bbox 783 2190 860 2233; x_wconf 86' lang='lat' dir='ltr'><em>Heg</em></span> <span class='ocrx_word' id='word_1_307' title='bbox 929 2189 1084 2231; x_wconf 74' lang='grc' dir='ltr'><em>ἱππέων]</em></span> <span class='ocrx_word' id='word_1_308' title='bbox 1110 2185 1257 2234; x_wconf 79' lang='grc' dir='ltr'><em>α’νδρῶν</em></span> <span class='ocrx_word' id='word_1_309' title='bbox 1281 2189 1425 2226; x_wconf 73' lang='grc' dir='ltr'><em>ἱππέων</em></span> <span class='ocrx_word' id='word_1_310' title='bbox 1448 2191 1558 2225; x_wconf 74' lang='lat' dir='ltr'>V2RG</span> <span class='ocrx_word' id='word_1_311' title='bbox 1626 2189 1783 2236; x_wconf 75' lang='grc' dir='ltr'><em>ἴσχαλον</em></span> <span class='ocrx_word' id='word_1_312' title='bbox 1807 2189 1833 2225; x_wconf 87' lang='lat' dir='ltr'>C</span> 
     </span>
     <span class='ocr_line' id='line_1_33' title="bbox 244 2241 1902 2292; baseline -0.001 -10"><span class='ocrx_word' id='word_1_313' title='bbox 244 2247 462 2292; x_wconf 78' lang='grc' dir='ltr'><em>μειουμένης</em></span> <span class='ocrx_word' id='word_1_314' title='bbox 494 2249 558 2290; x_wconf 82' lang='grc' dir='ltr'><em>τῆς</em></span> <span class='ocrx_word' id='word_1_315' title='bbox 582 2247 683 2292; x_wconf 80' lang='grc' dir='ltr'><em>νίκης</em></span> <span class='ocrx_word' id='word_1_316' title='bbox 708 2241 847 2288; x_wconf 79' lang='grc' dir='ltr'><em>αὐτοῖς]</em></span> <span class='ocrx_word' id='word_1_317' title='bbox 872 2246 1111 2290; x_wconf 80' lang='grc' dir='ltr'><em>μειουμένοισ</em></span> <span class='ocrx_word' id='word_1_318' title='bbox 1144 2242 1275 2282; x_wconf 79' lang='grc' dir='ltr'><em>αὐτοῖο</em></span> <span class='ocrx_word' id='word_1_319' title='bbox 1306 2249 1375 2291; x_wconf 81' lang='grc' dir='ltr'><em>τῆσ</em></span> <span class='ocrx_word' id='word_1_320' title='bbox 1407 2247 1513 2292; x_wconf 85' lang='grc' dir='ltr'><em>νίκησ</em></span> <span class='ocrx_word' id='word_1_321' title='bbox 1536 2246 1568 2281; x_wconf 93' lang='lat' dir='ltr'><strong>V</strong></span> <span class='ocrx_word' id='word_1_322' title='bbox 1705 2249 1769 2291; x_wconf 85' lang='grc' dir='ltr'><em>τῆς</em></span> <span class='ocrx_word' id='word_1_323' title='bbox 1799 2247 1902 2292; x_wconf 80' lang='grc' dir='ltr'><em>νίκης</em></span> 
     </span>
     <span class='ocr_line' id='line_1_34' title="bbox 247 2297 1822 2338; baseline -0.001 -1"><span class='ocrx_word' id='word_1_324' title='bbox 247 2314 275 2338; x_wconf 87' lang='lat' dir='ltr'><em>s.</em></span> <span class='ocrx_word' id='word_1_325' title='bbox 300 2313 345 2337; x_wconf 94' lang='lat' dir='ltr'><em>m.</em></span> <span class='ocrx_word' id='word_1_326' title='bbox 373 2305 391 2336; x_wconf 82' lang='lat'>2</span> <span class='ocrx_word' id='word_1_327' title='bbox 409 2302 439 2336; x_wconf 90' lang='lat' dir='ltr'>L</span> <span class='ocrx_word' id='word_1_328' title='bbox 521 2306 540 2336; x_wconf 89' lang='grc'>9</span> <span class='ocrx_word' id='word_1_329' title='bbox 566 2297 602 2337; x_wconf 73' lang='grc' dir='ltr'><em>δ’</em></span> <span class='ocrx_word' id='word_1_330' title='bbox 627 2302 691 2336; x_wconf 90' lang='lat' dir='ltr'><em>LV</em></span> <span class='ocrx_word' id='word_1_331' title='bbox 771 2297 956 2337; x_wconf 73' lang='grc' dir='ltr'><em>ἅντῶνιον</em></span> <span class='ocrx_word' id='word_1_332' title='bbox 979 2304 1042 2337; x_wconf 80' lang='grc' dir='ltr'><em>καὶ</em></span> <span class='ocrx_word' id='word_1_333' title='bbox 1066 2303 1206 2337; x_wconf 83' lang='grc' dir='ltr'><em>σίλωνα</em></span> <span class='ocrx_word' id='word_1_334' title='bbox 1231 2302 1286 2335; x_wconf 88' lang='grc' dir='ltr'><em>ΡΑ</em></span> <span class='ocrx_word' id='word_1_335' title='bbox 1313 2302 1459 2337; x_wconf 69' lang='lat' dir='ltr'><em>silonem</em></span> <span class='ocrx_word' id='word_1_336' title='bbox 1484 2307 1519 2337; x_wconf 76' lang='lat' dir='ltr'><em>ec</em></span> <span class='ocrx_word' id='word_1_337' title='bbox 1542 2302 1727 2338; x_wconf 74' lang='lat' dir='ltr'><em>antonium</em></span> <span class='ocrx_word' id='word_1_338' title='bbox 1751 2302 1822 2336; x_wconf 83' lang='lat' dir='ltr'><em>Lat</em></span> 
     </span>
     <span class='ocr_line' id='line_1_35' title="bbox 251 2353 1834 2404; baseline 0 -12"><span class='ocrx_word' id='word_1_339' title='bbox 251 2362 290 2393; x_wconf 88' lang='lat'><em>10</em></span> <span class='ocrx_word' id='word_1_340' title='bbox 307 2361 538 2404; x_wconf 80' lang='grc' dir='ltr'><em>καταλαβεῖν</em></span> <span class='ocrx_word' id='word_1_341' title='bbox 555 2357 581 2392; x_wconf 91' lang='lat' dir='ltr'>C</span> <span class='ocrx_word' id='word_1_342' title='bbox 652 2353 805 2402; x_wconf 68' lang='grc' dir='ltr'><em>ἀντικρὺ</em></span> <span class='ocrx_word' id='word_1_343' title='bbox 830 2368 920 2392; x_wconf 87' lang='lat' dir='ltr'><em>corr.</em></span> <span class='ocrx_word' id='word_1_344' title='bbox 938 2368 982 2392; x_wconf 81' lang='lat' dir='ltr'><em>ex</em></span> <span class='ocrx_word' id='word_1_345' title='bbox 998 2356 1176 2404; x_wconf 72' lang='grc' dir='ltr'><em>ἄντικρυσ</em></span> <span class='ocrx_word' id='word_1_346' title='bbox 1193 2358 1222 2392; x_wconf 93' lang='lat' dir='ltr'>L</span> <span class='ocrx_word' id='word_1_347' title='bbox 1295 2361 1335 2392; x_wconf 88' lang='grc'><em>14</em></span> <span class='ocrx_word' id='word_1_348' title='bbox 1360 2356 1525 2400; x_wconf 74' lang='grc' dir='ltr'><em>ἑαυτοὺς]</em></span> <span class='ocrx_word' id='word_1_349' title='bbox 1550 2359 1607 2395; x_wconf 88' lang='grc' dir='ltr'><em>εἰσ</em></span> <span class='ocrx_word' id='word_1_350' title='bbox 1631 2354 1771 2394; x_wconf 72' lang='grc' dir='ltr'><em>αὑτοὺσ</em></span> <span class='ocrx_word' id='word_1_351' title='bbox 1786 2358 1834 2392; x_wconf 89' lang='lat' dir='ltr'><em>L¹</em></span> 
     </span>
     <span class='ocr_line' id='line_1_36' title="bbox 253 2410 1902 2458; baseline 0 -10"><span class='ocrx_word' id='word_1_352' title='bbox 253 2418 290 2448; x_wconf 84' lang='lat'><em>15</em></span> <span class='ocrx_word' id='word_1_353' title='bbox 316 2410 360 2449; x_wconf 87' lang='grc' dir='ltr'><em>τὸ</em></span> <span class='ocrx_word' id='word_1_354' title='bbox 387 2414 529 2454; x_wconf 86' lang='grc' dir='ltr'><em>πεδίον]</em></span> <span class='ocrx_word' id='word_1_355' title='bbox 555 2423 622 2448; x_wconf 91' lang='lat' dir='ltr'><em>om.</em></span> <span class='ocrx_word' id='word_1_356' title='bbox 646 2413 718 2447; x_wconf 86' lang='lat' dir='ltr'><em>Lat</em></span> <span class='ocrx_word' id='word_1_357' title='bbox 741 2415 809 2448; x_wconf 86' lang='grc' dir='ltr'><em>τοῦ</em></span> <span class='ocrx_word' id='word_1_358' title='bbox 833 2413 965 2448; x_wconf 82' lang='grc' dir='ltr'><em>πεδίου</em></span> <span class='ocrx_word' id='word_1_359' title='bbox 983 2413 1131 2447; x_wconf 84' lang='lat' dir='ltr'>Hudson</span> <span class='ocrx_word' id='word_1_360' title='bbox 1227 2416 1266 2447; x_wconf 84' lang='lat'><em>19</em></span> <span class='ocrx_word' id='word_1_361' title='bbox 1291 2412 1456 2450; x_wconf 72' lang='grc' dir='ltr'><em>ἕκαστοσ</em></span> <span class='ocrx_word' id='word_1_362' title='bbox 1480 2411 1535 2450; x_wconf 85' lang='grc' dir='ltr'><em>ῶσ</em></span> <span class='ocrx_word' id='word_1_363' title='bbox 1558 2419 1601 2451; x_wconf 80' lang='lat' dir='ltr'><em>tr.</em></span> <span class='ocrx_word' id='word_1_364' title='bbox 1627 2414 1660 2448; x_wconf 89' lang='lat' dir='ltr'>R</span> <span class='ocrx_word' id='word_1_365' title='bbox 1731 2416 1771 2448; x_wconf 90' lang='grc'><em>20</em></span> <span class='ocrx_word' id='word_1_366' title='bbox 1797 2410 1902 2458; x_wconf 77' lang='grc' dir='ltr'><em>εἶχον</em></span> 
     </span>
     <span class='ocr_line' id='line_1_37' title="bbox 248 2466 1902 2516; baseline 0.001 -13"><span class='ocrx_word' id='word_1_367' title='bbox 248 2469 391 2504; x_wconf 90' lang='lat' dir='ltr'>PALV¹</span> <span class='ocrx_word' id='word_1_368' title='bbox 409 2466 484 2514; x_wconf 80' lang='grc' dir='ltr'><em>εἶχε</em></span> <span class='ocrx_word' id='word_1_369' title='bbox 499 2469 539 2502; x_wconf 89' lang='grc' dir='ltr'>Μ</span> <span class='ocrx_word' id='word_1_370' title='bbox 601 2469 887 2515; x_wconf 82' lang='grc' dir='ltr'><em>προσκείμενος]</em></span> <span class='ocrx_word' id='word_1_371' title='bbox 900 2469 938 2502; x_wconf 88' lang='grc' dir='ltr'>Μ</span> <span class='ocrx_word' id='word_1_372' title='bbox 955 2473 989 2504; x_wconf 80' lang='lat' dir='ltr'><em>et</em></span> <span class='ocrx_word' id='word_1_373' title='bbox 1006 2479 1049 2502; x_wconf 85' lang='lat' dir='ltr'><em>ex</em></span> <span class='ocrx_word' id='word_1_374' title='bbox 1067 2479 1157 2503; x_wconf 86' lang='lat' dir='ltr'><em>corr.</em></span> <span class='ocrx_word' id='word_1_375' title='bbox 1176 2470 1208 2502; x_wconf 90' lang='lat' dir='ltr'>A</span> <span class='ocrx_word' id='word_1_376' title='bbox 1225 2470 1525 2516; x_wconf 78' lang='grc' dir='ltr'><em>προσκειμένουσ</em></span> <span class='ocrx_word' id='word_1_377' title='bbox 1541 2469 1747 2505; x_wconf 89' lang='lat' dir='ltr'>PA¹LVRC</span> <span class='ocrx_word' id='word_1_378' title='bbox 1764 2470 1902 2504; x_wconf 76' lang='lat' dir='ltr'><em>instans</em></span> 
     </span>
     <span class='ocr_line' id='line_1_38' title="bbox 250 2519 1900 2573; baseline -0.001 -14"><span class='ocrx_word' id='word_1_379' title='bbox 250 2525 317 2559; x_wconf 85' lang='lat' dir='ltr'><em>Lat</em></span> <span class='ocrx_word' id='word_1_380' title='bbox 387 2527 426 2560; x_wconf 88' lang='grc'><em>21</em></span> <span class='ocrx_word' id='word_1_381' title='bbox 446 2527 534 2565; x_wconf 89' lang='grc' dir='ltr'><em>τῶν]</em></span> <span class='ocrx_word' id='word_1_382' title='bbox 555 2537 646 2560; x_wconf 86' lang='grc' dir='ltr'><em>τουσ</em></span> <span class='ocrx_word' id='word_1_383' title='bbox 663 2523 797 2558; x_wconf 83' lang='lat' dir='ltr'>MVRC</span> <span class='ocrx_word' id='word_1_384' title='bbox 867 2519 1037 2569; x_wconf 75' lang='grc' dir='ltr'><em>α’θρόων]</em></span> <span class='ocrx_word' id='word_1_385' title='bbox 1055 2524 1162 2558; x_wconf 83' lang='lat' dir='ltr'>Niese</span> <span class='ocrx_word' id='word_1_386' title='bbox 1186 2522 1337 2571; x_wconf 68' lang='grc' dir='ltr'><em>ἁθρόον</em></span> <span class='ocrx_word' id='word_1_387' title='bbox 1353 2526 1415 2559; x_wconf 92' lang='lat' dir='ltr'><em>PA</em></span> <span class='ocrx_word' id='word_1_388' title='bbox 1440 2521 1613 2573; x_wconf 76' lang='grc' dir='ltr'><em>α’θρόουσ</em></span> <span class='ocrx_word' id='word_1_389' title='bbox 1630 2525 1805 2567; x_wconf 83' lang='lat' dir='ltr'>MLVRC,</span> <span class='ocrx_word' id='word_1_390' title='bbox 1832 2535 1900 2559; x_wconf 89' lang='lat' dir='ltr'><em>om.</em></span> 
     </span>
    </p>
   </div>
   <div class='ocr_carea' id='block_1_5' title="bbox 244 2586 1899 2937">
    <p class='ocr_par' dir='ltr' id='par_1_6' title="bbox 244 2586 1899 2937">
     <span class='ocr_line' id='line_1_39' title="bbox 247 2586 1808 2658; baseline 0 -9"><span class='ocrx_word' id='word_1_391' title='bbox 247 2615 316 2649; x_wconf 81' lang='lat' dir='ltr'><em>Lat</em></span> <span class='ocrx_word' id='word_1_392' title='bbox 419 2611 570 2658; x_wconf 76' lang='grc' dir='ltr'><em>φθάνον</em></span> <span class='ocrx_word' id='word_1_393' title='bbox 594 2613 670 2647; x_wconf 86' lang='lat' dir='ltr'><em>V¹C</em></span> <span class='ocrx_word' id='word_1_394' title='bbox 787 2615 828 2646; x_wconf 83' lang='lat'><em>22</em></span> <span class='ocrx_word' id='word_1_395' title='bbox 862 2610 1025 2658; x_wconf 84' lang='grc' dir='ltr'><em>συνηλόα</em></span> <span class='ocrx_word' id='word_1_396' title='bbox 1048 2614 1116 2648; x_wconf 87' lang='lat' dir='ltr'><em>MC</em></span> <span class='ocrx_word' id='word_1_397' title='bbox 1142 2613 1310 2649; x_wconf 80' lang='grc' dir='ltr'><em>συνείλου</em></span> <span class='ocrx_word' id='word_1_398' title='bbox 1334 2615 1362 2648; x_wconf 90' lang='lat' dir='ltr'>L</span> <span class='ocrx_word' id='word_1_399' title='bbox 1389 2586 1558 2651; x_wconf 60' lang='grc' dir='ltr'><em>συνξιλου</em></span> <span class='ocrx_word' id='word_1_400' title='bbox 1581 2619 1622 2654; x_wconf 87' lang='lat' dir='ltr'><em>(s.</em></span> <span class='ocrx_word' id='word_1_401' title='bbox 1648 2625 1693 2650; x_wconf 89' lang='lat' dir='ltr'><em>m.</em></span> <span class='ocrx_word' id='word_1_402' title='bbox 1720 2617 1752 2655; x_wconf 81' lang='grc'><em>2)</em></span> <span class='ocrx_word' id='word_1_403' title='bbox 1775 2614 1808 2649; x_wconf 90' lang='lat' dir='ltr'><strong>V</strong></span> 
     </span>
     <span class='ocr_line' id='line_1_40' title="bbox 247 2665 1899 2715; baseline 0 -10"><span class='ocrx_word' id='word_1_404' title='bbox 247 2667 430 2715; x_wconf 77' lang='grc' dir='ltr'><em>α’λλήλουσ</em></span> <span class='ocrx_word' id='word_1_405' title='bbox 447 2669 580 2702; x_wconf 82' lang='lat' dir='ltr'><strong>P¹M¹V</strong></span> <span class='ocrx_word' id='word_1_406' title='bbox 648 2669 838 2714; x_wconf 76' lang='grc' dir='ltr'><em>ἐμπηδῶν·</em></span> <span class='ocrx_word' id='word_1_407' title='bbox 864 2671 978 2704; x_wconf 78' lang='grc' dir='ltr'><em>πᾶσιν</em></span> <span class='ocrx_word' id='word_1_408' title='bbox 1003 2668 1052 2709; x_wconf 74' lang='grc' dir='ltr'><em>δὲ]</em></span> <span class='ocrx_word' id='word_1_409' title='bbox 1077 2668 1257 2712; x_wconf 84' lang='lat' dir='ltr'>LLatHeg</span> <span class='ocrx_word' id='word_1_410' title='bbox 1280 2666 1392 2704; x_wconf 79' lang='grc' dir='ltr'><em>πάλιν</em></span> <span class='ocrx_word' id='word_1_411' title='bbox 1416 2665 1451 2705; x_wconf 74' lang='grc' dir='ltr'><em>δ’</em></span> <span class='ocrx_word' id='word_1_412' title='bbox 1475 2668 1648 2715; x_wconf 77' lang='grc' dir='ltr'><em>ἐμπηδῶν</em></span> <span class='ocrx_word' id='word_1_413' title='bbox 1673 2670 1700 2704; x_wconf 92' lang='grc' dir='ltr'>Ρ</span> <span class='ocrx_word' id='word_1_414' title='bbox 1725 2669 1899 2715; x_wconf 79' lang='grc' dir='ltr'><em>ἐμπηδῶν</em></span> 
     </span>
     <span class='ocr_line' id='line_1_41' title="bbox 246 2718 1899 2771; baseline -0.001 -10"><span class='ocrx_word' id='word_1_415' title='bbox 246 2724 428 2770; x_wconf 74' lang='grc' dir='ltr'><em>(ἐκπηδῶν</em></span> <span class='ocrx_word' id='word_1_416' title='bbox 452 2724 502 2766; x_wconf 89' lang='grc' dir='ltr'><em>Μ)</em></span> <span class='ocrx_word' id='word_1_417' title='bbox 527 2718 638 2759; x_wconf 71' lang='grc' dir='ltr'><em>πάλιν</em></span> <span class='ocrx_word' id='word_1_418' title='bbox 669 2723 707 2758; x_wconf 77' lang='grc' dir='ltr'><em>δὲ</em></span> <span class='ocrx_word' id='word_1_419' title='bbox 731 2723 899 2758; x_wconf 83' lang='lat' dir='ltr'><strong>AMVRC</strong></span> <span class='ocrx_word' id='word_1_420' title='bbox 1037 2727 1078 2758; x_wconf 85' lang='lat'><em>23</em></span> <span class='ocrx_word' id='word_1_421' title='bbox 1104 2727 1217 2759; x_wconf 79' lang='grc' dir='ltr'><em>πᾶσιν</em></span> <span class='ocrx_word' id='word_1_422' title='bbox 1241 2744 1283 2747; x_wconf 92' lang='grc'><strong>-</strong></span> <span class='ocrx_word' id='word_1_423' title='bbox 1308 2727 1408 2765; x_wconf 55' lang='grc'><em>3393</em></span> <span class='ocrx_word' id='word_1_424' title='bbox 1442 2725 1680 2771; x_wconf 79' lang='grc' dir='ltr'><em>συνέφευγον]</em></span> <span class='ocrx_word' id='word_1_425' title='bbox 1711 2727 1899 2760; x_wconf 72' lang='lat' dir='ltr'><em>uniuersos</em></span> 
     </span>
     <span class='ocr_line' id='line_1_42' title="bbox 244 2778 1899 2827; baseline 0.001 -12"><span class='ocrx_word' id='word_1_426' title='bbox 244 2791 441 2827; x_wconf 77' lang='lat' dir='ltr'><em>praeuerso</em></span> <span class='ocrx_word' id='word_1_427' title='bbox 460 2779 588 2814; x_wconf 75' lang='lat' dir='ltr'><em>itinere</em></span> <span class='ocrx_word' id='word_1_428' title='bbox 601 2790 623 2812; x_wconf 88' lang='grc' dir='ltr'><em>α</em></span> <span class='ocrx_word' id='word_1_429' title='bbox 640 2778 752 2812; x_wconf 78' lang='lat' dir='ltr'><em>muris</em></span> <span class='ocrx_word' id='word_1_430' title='bbox 768 2779 909 2824; x_wconf 75' lang='lat' dir='ltr'><em>repellit</em></span> <span class='ocrx_word' id='word_1_431' title='bbox 921 2785 953 2813; x_wconf 82' lang='lat' dir='ltr'><em>et</em></span> <span class='ocrx_word' id='word_1_432' title='bbox 967 2779 1094 2813; x_wconf 72' lang='lat' dir='ltr'><em>obuius</em></span> <span class='ocrx_word' id='word_1_433' title='bbox 1110 2779 1375 2814; x_wconf 76' lang='lat' dir='ltr'><em>recurrentibus</em></span> <span class='ocrx_word' id='word_1_434' title='bbox 1384 2780 1515 2824; x_wconf 66' lang='lat' dir='ltr'><em>fuglam</em></span> <span class='ocrx_word' id='word_1_435' title='bbox 1532 2781 1747 2816; x_wconf 80' lang='lat' dir='ltr'><em>intercludit.</em></span> <span class='ocrx_word' id='word_1_436' title='bbox 1771 2792 1899 2816; x_wconf 79' lang='lat' dir='ltr'><em>rursus</em></span> 
     </span>
     <span class='ocr_line' id='line_1_43' title="bbox 248 2833 1896 2883; baseline 0 -12"><span class='ocrx_word' id='word_1_437' title='bbox 248 2843 362 2871; x_wconf 79' lang='lat' dir='ltr'><em>tamen</em></span> <span class='ocrx_word' id='word_1_438' title='bbox 388 2835 471 2868; x_wconf 78' lang='lat' dir='ltr'><em>dum</em></span> <span class='ocrx_word' id='word_1_439' title='bbox 495 2834 558 2868; x_wconf 81' lang='lat' dir='ltr'><em>alii</em></span> <span class='ocrx_word' id='word_1_440' title='bbox 582 2839 804 2876; x_wconf 79' lang='lat' dir='ltr'><em>sternuntur,</em></span> <span class='ocrx_word' id='word_1_441' title='bbox 828 2834 946 2879; x_wconf 80' lang='lat' dir='ltr'><em>elapsi</em></span> <span class='ocrx_word' id='word_1_442' title='bbox 968 2835 1032 2868; x_wconf 79' lang='lat' dir='ltr'><em>alii</em></span> <span class='ocrx_word' id='word_1_443' title='bbox 1058 2835 1186 2879; x_wconf 79' lang='lat' dir='ltr'><em>quibus</em></span> <span class='ocrx_word' id='word_1_444' title='bbox 1202 2836 1287 2869; x_wconf 75' lang='lat' dir='ltr'><em>urbs</em></span> <span class='ocrx_word' id='word_1_445' title='bbox 1303 2835 1450 2881; x_wconf 58' lang='lat' dir='ltr'><em>refugio</em></span> <span class='ocrx_word' id='word_1_446' title='bbox 1475 2842 1553 2870; x_wconf 75' lang='lat' dir='ltr'><em>erat</em></span> <span class='ocrx_word' id='word_1_447' title='bbox 1570 2836 1645 2880; x_wconf 84' lang='lat' dir='ltr'><em>Heg</em></span> <span class='ocrx_word' id='word_1_448' title='bbox 1737 2833 1835 2883; x_wconf 86' lang='grc' dir='ltr'><em>πρὸς</em></span> <span class='ocrx_word' id='word_1_449' title='bbox 1851 2850 1896 2873; x_wconf 86' lang='grc' dir='ltr'><em>το</em></span> 
     </span>
     <span class='ocr_line' id='line_1_44' title="bbox 248 2886 1487 2937; baseline 0.003 -14"><span class='ocrx_word' id='word_1_450' title='bbox 248 2893 382 2937; x_wconf 62' lang='grc' dir='ltr'><em>τεῖχος]</em></span> <span class='ocrx_word' id='word_1_451' title='bbox 407 2889 651 2924; x_wconf 83' lang='lat' dir='ltr'>PAMLVLat</span> <span class='ocrx_word' id='word_1_452' title='bbox 677 2886 779 2934; x_wconf 84' lang='grc' dir='ltr'><em>πρὸσ</em></span> <span class='ocrx_word' id='word_1_453' title='bbox 804 2886 988 2935; x_wconf 75' lang='grc' dir='ltr'><em>οἷλλήλουσ</em></span> <span class='ocrx_word' id='word_1_454' title='bbox 1013 2890 1072 2925; x_wconf 79' lang='lat' dir='ltr'><em>HC</em></span> <span class='ocrx_word' id='word_1_455' title='bbox 1098 2895 1132 2924; x_wconf 84' lang='lat' dir='ltr'><em>et</em></span> <span class='ocrx_word' id='word_1_456' title='bbox 1155 2891 1178 2926; x_wconf 90' lang='lat' dir='ltr'><em>i.</em></span> <span class='ocrx_word' id='word_1_457' title='bbox 1205 2900 1314 2935; x_wconf 84' lang='lat' dir='ltr'>marg.</span> <span class='ocrx_word' id='word_1_458' title='bbox 1340 2902 1384 2926; x_wconf 88' lang='lat' dir='ltr'><em>m.</em></span> <span class='ocrx_word' id='word_1_459' title='bbox 1412 2894 1430 2925; x_wconf 83' lang='lat'>2</span> <span class='ocrx_word' id='word_1_460' title='bbox 1455 2891 1487 2927; x_wconf 93' lang='lat' dir='ltr'><strong>V</strong></span> 
     </span>
    </p>
   </div>
  </div>
 </body>
</html>
